<?xml version="1.0" encoding="UTF-8"?>
<!DOCTYPE html PUBLIC "-//W3C//DTD XHTML 1.0 Transitional//EN"
    "http://www.w3.org/TR/xhtml1/DTD/xhtml1-transitional.dtd">
<html xmlns="http://www.w3.org/1999/xhtml" xml:lang="en" lang="en">
 <head>
  <title>
</title>
<meta http-equiv="Content-Type" content="text/html;charset=utf-8" />
  <meta name='ocr-system' content='tesseract 3.04.00' />
  <meta name='ocr-capabilities' content='ocr_page ocr_carea ocr_par ocr_line ocrx_word'/>
</head>
<body>
  <div class='ocr_page' id='page_1' title='image "./depolybiivocabu00lindgoog_0016.png"; bbox 0 0 3176 4878; ppageno 0'>
   <div class='ocr_carea' id='block_1_1' title="bbox 687 295 909 357">
    <p class='ocr_par' dir='ltr' id='par_1_1' title="bbox 687 295 909 357">
     <span class='ocr_line' id='line_1_1' title="bbox 687 295 909 357; baseline 0.005 -18"><span class='ocrx_word' id='word_1_1' title='bbox 687 295 909 357; x_wconf 36' lang='grc' dir='ltr'>*ῃ-</span> 
     </span>
    </p>
   </div>
   <div class='ocr_carea' id='block_1_2' title="bbox 207 479 1445 1550">
    <p class='ocr_par' dir='ltr' id='par_1_2' title="bbox 299 479 1382 576">
     <span class='ocr_line' id='line_1_2' title="bbox 299 479 1382 576; baseline 0.005 -26"><span class='ocrx_word' id='word_1_2' title='bbox 299 481 472 576; x_wconf 75' lang='grc' dir='ltr'><strong><em>ἐπαγιογήε</em></strong></span> <span class='ocrx_word' id='word_1_3' title='bbox 507 482 542 551; x_wconf 77' lang='grc' dir='ltr'>αἳ</span> <span class='ocrx_word' id='word_1_4' title='bbox 566 483 737 572; x_wconf 79' lang='grc' dir='ltr'><strong><em>ἑπαγωγαὶ</em></strong></span> <span class='ocrx_word' id='word_1_5' title='bbox 769 482 804 551; x_wconf 81' lang='grc' dir='ltr'>αἳ</span> <span class='ocrx_word' id='word_1_6' title='bbox 828 484 886 551; x_wconf 78' lang='grc' dir='ltr'>ἐπὶ</span> <span class='ocrx_word' id='word_1_7' title='bbox 913 481 989 564; x_wconf 84' lang='grc' dir='ltr'><strong><em>τούς</em></strong></span> <span class='ocrx_word' id='word_1_8' title='bbox 1018 479 1216 572; x_wconf 75' lang='grc' dir='ltr'><em>βαρβάρους,</em></span> <span class='ocrx_word' id='word_1_9' title='bbox 1250 490 1382 574; x_wconf 81' lang='lat' dir='ltr'>saepius.</span> 
     </span>
    </p>

    <p class='ocr_par' dir='ltr' id='par_1_3' title="bbox 209 605 1445 806">
     <span class='ocr_line' id='line_1_3' title="bbox 298 605 1445 702; baseline -0.001 -26"><span class='ocrx_word' id='word_1_10' title='bbox 298 605 441 699; x_wconf 78' lang='grc' dir='ltr'><strong><em>ἐπιφορά</em></strong></span> <span class='ocrx_word' id='word_1_11' title='bbox 465 614 593 680; x_wconf 87' lang='lat' dir='ltr'>notione</span> <span class='ocrx_word' id='word_1_12' title='bbox 616 615 751 698; x_wconf 88' lang='lat' dir='ltr'>impetus</span> <span class='ocrx_word' id='word_1_13' title='bbox 774 616 867 698; x_wconf 87' lang='lat' dir='ltr'><strong>prim.</strong></span> <span class='ocrx_word' id='word_1_14' title='bbox 891 615 975 698; x_wconf 87' lang='lat' dir='ltr'>apud</span> <span class='ocrx_word' id='word_1_15' title='bbox 998 618 1149 678; x_wconf 88' lang='lat' dir='ltr'>nostrum.</span> <span class='ocrx_word' id='word_1_16' title='bbox 1173 607 1231 702; x_wconf 90' lang='grc' dir='ltr'>τήν</span> <span class='ocrx_word' id='word_1_17' title='bbox 1253 605 1384 700; x_wconf 80' lang='grc' dir='ltr'><strong><em>πρώτην</em></strong></span> <span class='ocrx_word' id='word_1_18' title='bbox 1440 633 1445 646; x_wconf 91' lang='grc'><em>·</em></span> 
     </span>
     <span class='ocr_line' id='line_1_4' title="bbox 209 714 1382 806; baseline 0.002 -22"><span class='ocrx_word' id='word_1_19' title='bbox 209 714 373 806; x_wconf 76' lang='grc' dir='ltr'><strong><em>ἑπιφοριίν</em></strong></span> <span class='ocrx_word' id='word_1_20' title='bbox 403 715 554 796; x_wconf 71' lang='grc' dir='ltr'><strong><em>ἐδέξαντο</em></strong></span> <span class='ocrx_word' id='word_1_21' title='bbox 585 723 722 806; x_wconf 87' lang='lat' dir='ltr'>primum</span> <span class='ocrx_word' id='word_1_22' title='bbox 752 721 905 803; x_wconf 89' lang='lat' dir='ltr'>impeturn</span> <span class='ocrx_word' id='word_1_23' title='bbox 937 721 1153 786; x_wconf 84' lang='lat' dir='ltr'>sustinuerunt</span> <span class='ocrx_word' id='word_1_24' title='bbox 1185 725 1215 800; x_wconf 89' lang='lat'>3,</span> <span class='ocrx_word' id='word_1_25' title='bbox 1249 723 1322 800; x_wconf 92' lang='grc'>110,</span> <span class='ocrx_word' id='word_1_26' title='bbox 1353 724 1382 786; x_wconf 85' lang='grc'>0.</span> 
     </span>
    </p>

    <p class='ocr_par' dir='ltr' id='par_1_4' title="bbox 298 823 1038 912">
     <span class='ocr_line' id='line_1_5' title="bbox 298 823 1038 912; baseline 0 -22"><span class='ocrx_word' id='word_1_27' title='bbox 298 823 522 912; x_wconf 73' lang='grc' dir='ltr'><strong><em>ἐπιφέρεσθαι</em></strong></span> <span class='ocrx_word' id='word_1_28' title='bbox 544 831 698 908; x_wconf 80' lang='lat' dir='ltr'>impetum</span> <span class='ocrx_word' id='word_1_29' title='bbox 719 829 825 908; x_wconf 69' lang='lat' dir='ltr'>fucere</span> <span class='ocrx_word' id='word_1_30' title='bbox 844 827 910 910; x_wconf 85' lang='lat' dir='ltr'>jam</span> <span class='ocrx_word' id='word_1_31' title='bbox 935 830 1038 892; x_wconf 83' lang='lat' dir='ltr'>antea.</span> 
     </span>
    </p>

    <p class='ocr_par' dir='ltr' id='par_1_5' title="bbox 207 923 1386 1550">
     <span class='ocr_line' id='line_1_6' title="bbox 298 923 1384 1019; baseline -0.004 -20"><span class='ocrx_word' id='word_1_32' title='bbox 298 935 439 1019; x_wconf 83' lang='lat' dir='ltr'>Dignum</span> <span class='ocrx_word' id='word_1_33' title='bbox 470 939 517 999; x_wconf 88' lang='lat' dir='ltr'>est</span> <span class='ocrx_word' id='word_1_34' title='bbox 547 935 631 1018; x_wconf 91' lang='lat' dir='ltr'>quod</span> <span class='ocrx_word' id='word_1_35' title='bbox 664 938 807 1012; x_wconf 73' lang='lat' dir='ltr'>notetur:</span> <span class='ocrx_word' id='word_1_36' title='bbox 844 927 1047 1014; x_wconf 78' lang='grc' dir='ltr'><strong><em>προσδοκίας</em></strong></span> <span class='ocrx_word' id='word_1_37' title='bbox 1078 923 1176 1019; x_wconf 84' lang='grc' dir='ltr'><strong><em>ούσης</em></strong></span> <span class='ocrx_word' id='word_1_38' title='bbox 1211 927 1295 996; x_wconf 76' lang='grc' dir='ltr'><strong><em>κατοὶ</em></strong></span> <span class='ocrx_word' id='word_1_39' title='bbox 1327 928 1384 1019; x_wconf 81' lang='grc' dir='ltr'>τήν</span> 
     </span>
     <span class='ocr_line' id='line_1_7' title="bbox 210 1031 1386 1123; baseline 0.003 -20"><span class='ocrx_word' id='word_1_40' title='bbox 210 1031 375 1122; x_wconf 89' lang='grc' dir='ltr'><strong><em>ούραγίαν,</em></strong></span> <span class='ocrx_word' id='word_1_41' title='bbox 408 1064 514 1105; x_wconf 90' lang='lat' dir='ltr'>sensus</span> <span class='ocrx_word' id='word_1_42' title='bbox 543 1045 602 1106; x_wconf 87' lang='lat' dir='ltr'>est:</span> <span class='ocrx_word' id='word_1_43' title='bbox 636 1041 717 1105; x_wconf 88' lang='lat' dir='ltr'>siin</span> <span class='ocrx_word' id='word_1_44' title='bbox 741 1040 909 1104; x_wconf 88' lang='lat' dir='ltr'>novissimo</span> <span class='ocrx_word' id='word_1_45' title='bbox 934 1039 1061 1122; x_wconf 79' lang='lat' dir='ltr'>agmine</span> <span class='ocrx_word' id='word_1_46' title='bbox 1087 1041 1223 1123; x_wconf 87' lang='lat' dir='ltr'>impetus</span> <span class='ocrx_word' id='word_1_47' title='bbox 1246 1043 1386 1106; x_wconf 90' lang='lat' dir='ltr'>hostium</span> 
     </span>
     <span class='ocr_line' id='line_1_8' title="bbox 210 1147 1385 1232; baseline -0.001 -19"><span class='ocrx_word' id='word_1_48' title='bbox 210 1149 434 1232; x_wconf 81' lang='lat' dir='ltr'>exspectandus</span> <span class='ocrx_word' id='word_1_49' title='bbox 458 1152 504 1212; x_wconf 90' lang='lat' dir='ltr'>est</span> <span class='ocrx_word' id='word_1_50' title='bbox 528 1151 558 1226; x_wconf 84' lang='lat'>6,</span> <span class='ocrx_word' id='word_1_51' title='bbox 577 1150 629 1226; x_wconf 85' lang='lat'>40,</span> <span class='ocrx_word' id='word_1_52' title='bbox 655 1149 685 1212; x_wconf 89' lang='lat'>8.</span> <span class='ocrx_word' id='word_1_53' title='bbox 732 1147 770 1211; x_wconf 93' lang='lat' dir='ltr'>ln</span> <span class='ocrx_word' id='word_1_54' title='bbox 794 1147 973 1212; x_wconf 86' lang='lat' dir='ltr'>universum</span> <span class='ocrx_word' id='word_1_55' title='bbox 996 1147 1155 1232; x_wconf 67' lang='lat' dir='ltr'>Polybius</span> <span class='ocrx_word' id='word_1_56' title='bbox 1180 1171 1260 1232; x_wconf 85' lang='lat' dir='ltr'>quae</span> <span class='ocrx_word' id='word_1_57' title='bbox 1284 1149 1385 1212; x_wconf 82' lang='lat' dir='ltr'>dicere</span> 
     </span>
     <span class='ocr_line' id='line_1_9' title="bbox 209 1254 1385 1338; baseline 0 -20"><span class='ocrx_word' id='word_1_58' title='bbox 209 1255 292 1333; x_wconf 87' lang='lat' dir='ltr'>vult,</span> <span class='ocrx_word' id='word_1_59' title='bbox 326 1255 460 1319; x_wconf 83' lang='lat' dir='ltr'>dilucide</span> <span class='ocrx_word' id='word_1_60' title='bbox 493 1259 524 1319; x_wconf 90' lang='lat' dir='ltr'>et</span> <span class='ocrx_word' id='word_1_61' title='bbox 556 1254 761 1338; x_wconf 83' lang='lat' dir='ltr'>amplioribus</span> <span class='ocrx_word' id='word_1_62' title='bbox 793 1255 897 1319; x_wconf 87' lang='lat' dir='ltr'>verbis</span> <span class='ocrx_word' id='word_1_63' title='bbox 921 1255 1097 1338; x_wconf 85' lang='lat' dir='ltr'>exprimere</span> <span class='ocrx_word' id='word_1_64' title='bbox 1120 1255 1212 1333; x_wconf 88' lang='lat' dir='ltr'>solet,</span> <span class='ocrx_word' id='word_1_65' title='bbox 1245 1257 1296 1320; x_wconf 89' lang='lat' dir='ltr'>sed</span> <span class='ocrx_word' id='word_1_66' title='bbox 1321 1278 1385 1319; x_wconf 89' lang='lat' dir='ltr'>non</span> 
     </span>
     <span class='ocr_line' id='line_1_10' title="bbox 209 1361 1385 1445; baseline 0.002 -21"><span class='ocrx_word' id='word_1_67' title='bbox 209 1384 309 1444; x_wconf 86' lang='lat' dir='ltr'>pauca</span> <span class='ocrx_word' id='word_1_68' title='bbox 332 1361 547 1438; x_wconf 88' lang='lat' dir='ltr'>inveniuntur,</span> <span class='ocrx_word' id='word_1_69' title='bbox 575 1384 613 1425; x_wconf 86' lang='lat' dir='ltr'>ex</span> <span class='ocrx_word' id='word_1_70' title='bbox 636 1361 761 1444; x_wconf 78' lang='lat' dir='ltr'>quibuS,</span> <span class='ocrx_word' id='word_1_71' title='bbox 793 1383 873 1445; x_wconf 86' lang='lat' dir='ltr'>quae</span> <span class='ocrx_word' id='word_1_72' title='bbox 896 1366 1006 1426; x_wconf 86' lang='lat' dir='ltr'>auctor</span> <span class='ocrx_word' id='word_1_73' title='bbox 1027 1363 1060 1426; x_wconf 91' lang='lat' dir='ltr'>in</span> <span class='ocrx_word' id='word_1_74' title='bbox 1085 1363 1190 1427; x_wconf 83' lang='lat' dir='ltr'>animo</span> <span class='ocrx_word' id='word_1_75' title='bbox 1214 1365 1320 1443; x_wconf 80' lang='lat' dir='ltr'>habet,</span> <span class='ocrx_word' id='word_1_76' title='bbox 1347 1386 1385 1426; x_wconf 87' lang='lat' dir='ltr'>ex</span> 
     </span>
     <span class='ocr_line' id='line_1_11' title="bbox 207 1468 988 1550; baseline 0 -18"><span class='ocrx_word' id='word_1_77' title='bbox 207 1472 275 1533; x_wconf 91' lang='lat' dir='ltr'>toto</span> <span class='ocrx_word' id='word_1_78' title='bbox 298 1469 470 1534; x_wconf 84' lang='lat' dir='ltr'>sententiae</span> <span class='ocrx_word' id='word_1_79' title='bbox 493 1469 596 1533; x_wconf 87' lang='lat' dir='ltr'>colore</span> <span class='ocrx_word' id='word_1_80' title='bbox 619 1468 883 1550; x_wconf 79' lang='lat' dir='ltr'>subintelligenda</span> <span class='ocrx_word' id='word_1_81' title='bbox 905 1473 988 1532; x_wconf 85' lang='lat' dir='ltr'>sunt.</span> 
     </span>
    </p>
   </div>
   <div class='ocr_carea' id='block_1_3' title="bbox 259 1677 1330 1872">
    <p class='ocr_par' dir='ltr' id='par_1_6' title="bbox 259 1677 1330 1872">
     <span class='ocr_line' id='line_1_12' title="bbox 259 1677 1330 1768; baseline 0.003 -22"><span class='ocrx_word' id='word_1_82' title='bbox 259 1683 308 1748; x_wconf 90' lang='lat' dir='ltr'>De</span> <span class='ocrx_word' id='word_1_83' title='bbox 332 1683 502 1761; x_wconf 87' lang='lat' dir='ltr'>vocabulis,</span> <span class='ocrx_word' id='word_1_84' title='bbox 527 1705 608 1768; x_wconf 85' lang='lat' dir='ltr'>quae</span> <span class='ocrx_word' id='word_1_85' title='bbox 630 1683 813 1768; x_wconf 84' lang='lat' dir='ltr'>significant</span> <span class='ocrx_word' id='word_1_86' title='bbox 837 1677 1020 1763; x_wconf 67' lang='lat' dir='ltr'>coercitum,</span> <span class='ocrx_word' id='word_1_87' title='bbox 1044 1685 1186 1764; x_wconf 78' lang='lat' dir='ltr'>militem,</span> <span class='ocrx_word' id='word_1_88' title='bbox 1211 1685 1330 1762; x_wconf 84' lang='lat' dir='ltr'>ducem,</span> 
     </span>
     <span class='ocr_line' id='line_1_13' title="bbox 584 1791 1009 1872; baseline 0.005 -18"><span class='ocrx_word' id='word_1_89' title='bbox 584 1791 754 1868; x_wconf 82' lang='lat' dir='ltr'>ductorem,</span> <span class='ocrx_word' id='word_1_90' title='bbox 779 1792 1009 1872; x_wconf 74' lang='lat' dir='ltr'>imperatorem.</span> 
     </span>
    </p>
   </div>
   <div class='ocr_carea' id='block_1_4' title="bbox 208 1923 1385 2552">
    <p class='ocr_par' dir='ltr' id='par_1_7' title="bbox 208 1923 1385 2552">
     <span class='ocr_line' id='line_1_14' title="bbox 296 1923 1384 2017; baseline 0 -21"><span class='ocrx_word' id='word_1_91' title='bbox 296 1932 460 1996; x_wconf 77' lang='lat' dir='ltr'>Exercitus</span> <span class='ocrx_word' id='word_1_92' title='bbox 492 1933 575 2016; x_wconf 84' lang='lat' dir='ltr'>apud</span> <span class='ocrx_word' id='word_1_93' title='bbox 605 1934 779 2016; x_wconf 85' lang='lat' dir='ltr'>superiores</span> <span class='ocrx_word' id='word_1_94' title='bbox 810 1923 962 2016; x_wconf 82' lang='grc' dir='ltr'><strong><em>στρατιά,</em></strong></span> <span class='ocrx_word' id='word_1_95' title='bbox 999 1924 1154 2017; x_wconf 83' lang='grc' dir='ltr'><strong><em>στρατύς,</em></strong></span> <span class='ocrx_word' id='word_1_96' title='bbox 1190 1923 1384 2015; x_wconf 84' lang='grc' dir='ltr'><strong><em>στράτευμα,</em></strong></span> 
     </span>
     <span class='ocr_line' id='line_1_15' title="bbox 209 2028 1384 2123; baseline 0.001 -23"><span class='ocrx_word' id='word_1_97' title='bbox 209 2029 438 2119; x_wconf 80' lang='grc' dir='ltr'><strong><em>στρατόπεδον,</em></strong></span> <span class='ocrx_word' id='word_1_98' title='bbox 473 2028 596 2114; x_wconf 83' lang='grc' dir='ltr'>στόλος,</span> <span class='ocrx_word' id='word_1_99' title='bbox 629 2029 775 2117; x_wconf 82' lang='grc' dir='ltr'><strong><em>δύναμις.</em></strong></span> <span class='ocrx_word' id='word_1_100' title='bbox 821 2040 962 2115; x_wconf 77' lang='lat' dir='ltr'>Quorum</span> <span class='ocrx_word' id='word_1_101' title='bbox 995 2041 1220 2106; x_wconf 83' lang='lat' dir='ltr'>vocabulorum</span> <span class='ocrx_word' id='word_1_102' title='bbox 1247 2031 1384 2123; x_wconf 88' lang='grc' dir='ltr'><strong><em>στρατός</em></strong></span> 
     </span>
     <span class='ocr_line' id='line_1_16' title="bbox 208 2139 1385 2228; baseline 0.003 -19"><span class='ocrx_word' id='word_1_103' title='bbox 208 2147 291 2228; x_wconf 85' lang='lat' dir='ltr'>apud</span> <span class='ocrx_word' id='word_1_104' title='bbox 316 2145 382 2210; x_wconf 90' lang='lat' dir='ltr'>Pol.</span> <span class='ocrx_word' id='word_1_105' title='bbox 414 2167 475 2210; x_wconf 91' lang='lat' dir='ltr'>non</span> <span class='ocrx_word' id='word_1_106' title='bbox 505 2146 640 2210; x_wconf 82' lang='lat' dir='ltr'>inveniri</span> <span class='ocrx_word' id='word_1_107' title='bbox 663 2146 879 2211; x_wconf 73' lang='lat' dir='ltr'>annotandum</span> <span class='ocrx_word' id='word_1_108' title='bbox 912 2154 967 2211; x_wconf 89' lang='lat' dir='ltr'>est.</span> <span class='ocrx_word' id='word_1_109' title='bbox 1015 2139 1128 2222; x_wconf 82' lang='grc' dir='ltr'><strong><em>στόλος</em></strong></span> <span class='ocrx_word' id='word_1_110' title='bbox 1155 2171 1219 2212; x_wconf 92' lang='lat' dir='ltr'>non</span> <span class='ocrx_word' id='word_1_111' title='bbox 1249 2149 1385 2212; x_wconf 88' lang='lat' dir='ltr'>occurrit</span> 
     </span>
     <span class='ocr_line' id='line_1_17' title="bbox 208 2243 1384 2338; baseline 0.002 -22"><span class='ocrx_word' id='word_1_112' title='bbox 208 2253 334 2318; x_wconf 89' lang='lat' dir='ltr'>notione</span> <span class='ocrx_word' id='word_1_113' title='bbox 365 2245 518 2316; x_wconf 87' lang='lat' dir='ltr'>exercitus</span> <span class='ocrx_word' id='word_1_114' title='bbox 575 2243 799 2334; x_wconf 84' lang='grc' dir='ltr'><strong><em>στρατόπεδον</em></strong></span> <span class='ocrx_word' id='word_1_115' title='bbox 831 2255 1015 2338; x_wconf 90' lang='lat' dir='ltr'>plerumque</span> <span class='ocrx_word' id='word_1_116' title='bbox 1043 2255 1201 2338; x_wconf 81' lang='lat' dir='ltr'>significat</span> <span class='ocrx_word' id='word_1_117' title='bbox 1227 2255 1384 2338; x_wconf 83' lang='lat' dir='ltr'>legionem</span> 
     </span>
     <span class='ocr_line' id='line_1_18' title="bbox 208 2348 1381 2444; baseline 0 -20"><span class='ocrx_word' id='word_1_118' title='bbox 208 2361 392 2424; x_wconf 81' lang='lat' dir='ltr'>Romanam.</span> <span class='ocrx_word' id='word_1_119' title='bbox 427 2348 562 2437; x_wconf 80' lang='grc' dir='ltr'><strong><em>δύναμις</em></strong></span> <span class='ocrx_word' id='word_1_120' title='bbox 585 2360 684 2424; x_wconf 86' lang='lat' dir='ltr'>multo</span> <span class='ocrx_word' id='word_1_121' title='bbox 701 2361 823 2444; x_wconf 77' lang='lat' dir='ltr'>saepius</span> <span class='ocrx_word' id='word_1_122' title='bbox 839 2384 935 2444; x_wconf 85' lang='lat' dir='ltr'>quam</span> <span class='ocrx_word' id='word_1_123' title='bbox 951 2362 1014 2426; x_wconf 81' lang='lat' dir='ltr'>clia</span> <span class='ocrx_word' id='word_1_124' title='bbox 1035 2362 1187 2426; x_wconf 84' lang='lat' dir='ltr'>vocabule</span> <span class='ocrx_word' id='word_1_125' title='bbox 1203 2362 1381 2439; x_wconf 77' lang='lat' dir='ltr'>adhibetur,</span> 
     </span>
     <span class='ocr_line' id='line_1_19' title="bbox 208 2469 607 2552; baseline -0.01 -20"><span class='ocrx_word' id='word_1_126' title='bbox 208 2469 304 2533; x_wconf 88' lang='lat' dir='ltr'>etiam</span> <span class='ocrx_word' id='word_1_127' title='bbox 328 2469 443 2552; x_wconf 78' lang='lat' dir='ltr'>plurali</span> <span class='ocrx_word' id='word_1_128' title='bbox 466 2491 607 2534; x_wconf 91' lang='lat' dir='ltr'>numero.</span> 
     </span>
    </p>
   </div>
   <div class='ocr_carea' id='block_1_5' title="bbox 193 2573 1385 3106">
    <p class='ocr_par' dir='ltr' id='par_1_8' title="bbox 193 2573 1385 3106">
     <span class='ocr_line' id='line_1_20' title="bbox 297 2573 1384 2679; baseline 0.004 -25"><span class='ocrx_word' id='word_1_129' title='bbox 297 2573 371 2675; x_wconf 77' lang='grc' dir='ltr'>χείρ,</span> <span class='ocrx_word' id='word_1_130' title='bbox 405 2594 508 2676; x_wconf 86' lang='grc' dir='ltr'><strong><em>χεῖρες</em></strong></span> <span class='ocrx_word' id='word_1_131' title='bbox 540 2594 622 2676; x_wconf 85' lang='lat' dir='ltr'>apud</span> <span class='ocrx_word' id='word_1_132' title='bbox 661 2603 779 2658; x_wconf 89' lang='lat' dir='ltr'>veteres</span> <span class='ocrx_word' id='word_1_133' title='bbox 810 2597 880 2679; x_wconf 83' lang='lat' dir='ltr'>jem</span> <span class='ocrx_word' id='word_1_134' title='bbox 917 2595 950 2659; x_wconf 91' lang='lat' dir='ltr'>in</span> <span class='ocrx_word' id='word_1_135' title='bbox 982 2617 1040 2658; x_wconf 92' lang='lat' dir='ltr'>usu</span> <span class='ocrx_word' id='word_1_136' title='bbox 1076 2599 1122 2659; x_wconf 89' lang='lat' dir='ltr'>est</span> <span class='ocrx_word' id='word_1_137' title='bbox 1155 2595 1384 2679; x_wconf 83' lang='lat' dir='ltr'>significatione</span> 
     </span>
     <span class='ocr_line' id='line_1_21' title="bbox 208 2699 1383 2785; baseline 0.003 -22"><span class='ocrx_word' id='word_1_138' title='bbox 208 2699 435 2774; x_wconf 70' lang='lat' dir='ltr'>multitudiuis</span> <span class='ocrx_word' id='word_1_139' title='bbox 460 2705 612 2776; x_wconf 78' lang='lat' dir='ltr'>cateruae,</span> <span class='ocrx_word' id='word_1_140' title='bbox 636 2721 759 2779; x_wconf 78' lang='lat' dir='ltr'>munus,</span> <span class='ocrx_word' id='word_1_141' title='bbox 794 2702 847 2766; x_wconf 89' lang='lat' dir='ltr'>sed</span> <span class='ocrx_word' id='word_1_142' title='bbox 876 2725 938 2767; x_wconf 89' lang='lat' dir='ltr'>non</span> <span class='ocrx_word' id='word_1_143' title='bbox 968 2702 1033 2766; x_wconf 88' lang='lat' dir='ltr'>fere</span> <span class='ocrx_word' id='word_1_144' title='bbox 1064 2702 1124 2766; x_wconf 88' lang='lat' dir='ltr'>nisi</span> <span class='ocrx_word' id='word_1_145' title='bbox 1147 2702 1231 2784; x_wconf 83' lang='lat' dir='ltr'>apud</span> <span class='ocrx_word' id='word_1_146' title='bbox 1258 2706 1383 2785; x_wconf 63' lang='lat' dir='ltr'>poetam</span> 
     </span>
     <span class='ocr_line' id='line_1_22' title="bbox 193 2805 1385 2890; baseline 0.002 -22"><span class='ocrx_word' id='word_1_147' title='bbox 193 2807 321 2875; x_wconf 88' lang='lat' dir='ltr'>interd.</span> <span class='ocrx_word' id='word_1_148' title='bbox 350 2806 433 2890; x_wconf 82' lang='lat' dir='ltr'>apud</span> <span class='ocrx_word' id='word_1_149' title='bbox 456 2805 574 2870; x_wconf 88' lang='lat' dir='ltr'>Herod.</span> <span class='ocrx_word' id='word_1_150' title='bbox 607 2812 638 2871; x_wconf 86' lang='lat' dir='ltr'>et</span> <span class='ocrx_word' id='word_1_151' title='bbox 661 2807 763 2872; x_wconf 84' lang='lat' dir='ltr'>Thuc.</span> <span class='ocrx_word' id='word_1_152' title='bbox 810 2807 847 2871; x_wconf 92' lang='lat' dir='ltr'>ln</span> <span class='ocrx_word' id='word_1_153' title='bbox 880 2830 1080 2872; x_wconf 91' lang='lat' dir='ltr'>communem</span> <span class='ocrx_word' id='word_1_154' title='bbox 1110 2830 1200 2872; x_wconf 91' lang='lat' dir='ltr'>usum</span> <span class='ocrx_word' id='word_1_155' title='bbox 1231 2808 1385 2871; x_wconf 84' lang='lat' dir='ltr'>convertit</span> 
     </span>
     <span class='ocr_line' id='line_1_23' title="bbox 209 2902 1385 2997; baseline -0.002 -20"><span class='ocrx_word' id='word_1_156' title='bbox 209 2913 294 2977; x_wconf 84' lang='lat' dir='ltr'>Pol:</span> <span class='ocrx_word' id='word_1_157' title='bbox 319 2905 353 2974; x_wconf 81' lang='lat' dir='ltr'>oi</span> <span class='ocrx_word' id='word_1_158' title='bbox 377 2902 507 2990; x_wconf 78' lang='grc' dir='ltr'><strong><em>ι’ίρισται</em></strong></span> <span class='ocrx_word' id='word_1_159' title='bbox 530 2913 630 2995; x_wconf 72' lang='grc' dir='ltr'><strong><em>χοῖρος</em></strong></span> <span class='ocrx_word' id='word_1_160' title='bbox 653 2914 840 2978; x_wconf 86' lang='lat' dir='ltr'>fortissimae</span> <span class='ocrx_word' id='word_1_161' title='bbox 856 2915 964 2997; x_wconf 85' lang='lat' dir='ltr'>copiae</span> <span class='ocrx_word' id='word_1_162' title='bbox 991 2917 1020 2992; x_wconf 92' lang='grc'>1,</span> <span class='ocrx_word' id='word_1_163' title='bbox 1037 2917 1090 2992; x_wconf 85' lang='grc'>26,</span> <span class='ocrx_word' id='word_1_164' title='bbox 1108 2917 1137 2980; x_wconf 88' lang='lat'>5.</span> <span class='ocrx_word' id='word_1_165' title='bbox 1162 2909 1296 2988; x_wconf 88' lang='grc' dir='ltr'><strong><em>ταύταις</em></strong></span> <span class='ocrx_word' id='word_1_166' title='bbox 1311 2913 1385 2988; x_wconf 82' lang='grc' dir='ltr'><strong><em>ταῖς</em></strong></span> 
     </span>
     <span class='ocr_line' id='line_1_24' title="bbox 207 3010 1383 3106; baseline 0.001 -23"><span class='ocrx_word' id='word_1_167' title='bbox 207 3014 295 3102; x_wconf 80' lang='grc' dir='ltr'><strong><em>χερσὶ</em></strong></span> <span class='ocrx_word' id='word_1_168' title='bbox 311 3011 546 3095; x_wconf 79' lang='grc' dir='ltr'><strong><em>πιστεύσαντες</em></strong></span> <span class='ocrx_word' id='word_1_169' title='bbox 563 3023 593 3099; x_wconf 89' lang='grc'>3,</span> <span class='ocrx_word' id='word_1_170' title='bbox 610 3022 659 3096; x_wconf 88' lang='grc'>10,</span> <span class='ocrx_word' id='word_1_171' title='bbox 674 3024 705 3085; x_wconf 85' lang='grc'>0.</span> <span class='ocrx_word' id='word_1_172' title='bbox 729 3010 876 3106; x_wconf 84' lang='grc' dir='ltr'><strong><em>ίίφθονοι</em></strong></span> <span class='ocrx_word' id='word_1_173' title='bbox 890 3016 1037 3106; x_wconf 76' lang='grc' dir='ltr'><strong><em>χορηγίαι</em></strong></span> <span class='ocrx_word' id='word_1_174' title='bbox 1052 3016 1110 3083; x_wconf 82' lang='grc' dir='ltr'>καὶ</span> <span class='ocrx_word' id='word_1_175' title='bbox 1124 3025 1225 3104; x_wconf 83' lang='grc' dir='ltr'><strong><em>χεῖρες</em></strong></span> <span class='ocrx_word' id='word_1_176' title='bbox 1237 3023 1267 3100; x_wconf 87' lang='grc'>3,</span> <span class='ocrx_word' id='word_1_177' title='bbox 1282 3023 1334 3100; x_wconf 84' lang='grc'>79,</span> <span class='ocrx_word' id='word_1_178' title='bbox 1348 3022 1383 3091; x_wconf 82' lang='grc'>3;</span> 
     </span>
    </p>
   </div>
   <div class='ocr_carea' id='block_1_6' title="bbox 163 3137 1385 4340">
    <p class='ocr_par' dir='ltr' id='par_1_9' title="bbox 163 3137 1383 3337">
     <span class='ocr_line' id='line_1_25' title="bbox 297 3137 1383 3228; baseline 0.001 -21"><span class='ocrx_word' id='word_1_179' title='bbox 297 3137 450 3228; x_wconf 88' lang='grc' dir='ltr'><strong><em>στρατεία</em></strong></span> <span class='ocrx_word' id='word_1_180' title='bbox 474 3145 628 3209; x_wconf 85' lang='lat' dir='ltr'>exercitus</span> <span class='ocrx_word' id='word_1_181' title='bbox 664 3146 692 3224; x_wconf 87' lang='lat'>1,</span> <span class='ocrx_word' id='word_1_182' title='bbox 726 3146 756 3224; x_wconf 85' lang='lat'>9,</span> <span class='ocrx_word' id='word_1_183' title='bbox 789 3149 822 3222; x_wconf 92' lang='grc'>3;</span> <span class='ocrx_word' id='word_1_184' title='bbox 860 3147 910 3224; x_wconf 92' lang='grc'>11,</span> <span class='ocrx_word' id='word_1_185' title='bbox 936 3148 988 3223; x_wconf 85' lang='grc'>20,</span> <span class='ocrx_word' id='word_1_186' title='bbox 1017 3147 1123 3225; x_wconf 86' lang='grc'>1,14,</span> <span class='ocrx_word' id='word_1_187' title='bbox 1151 3148 1201 3224; x_wconf 90' lang='grc'>10,</span> <span class='ocrx_word' id='word_1_188' title='bbox 1224 3148 1255 3224; x_wconf 90' lang='grc'>3,</span> <span class='ocrx_word' id='word_1_189' title='bbox 1278 3167 1383 3227; x_wconf 82' lang='lat' dir='ltr'>saepe3</span> 
     </span>
     <span class='ocr_line' id='line_1_26' title="bbox 163 3245 1277 3337; baseline 0.001 -23"><span class='ocrx_word' id='word_1_190' title='bbox 163 3245 165 3250; x_wconf 14' lang='grc' dir='ltr'><em>Α</em></span> <span class='ocrx_word' id='word_1_191' title='bbox 208 3251 311 3334; x_wconf 90' lang='lat' dir='ltr'>priore</span> <span class='ocrx_word' id='word_1_192' title='bbox 335 3256 475 3334; x_wconf 86' lang='lat' dir='ltr'>tempore</span> <span class='ocrx_word' id='word_1_193' title='bbox 498 3253 686 3318; x_wconf 81' lang='lat' dir='ltr'>vocabulum</span> <span class='ocrx_word' id='word_1_194' title='bbox 710 3254 850 3318; x_wconf 91' lang='lat' dir='ltr'>nondum</span> <span class='ocrx_word' id='word_1_195' title='bbox 872 3252 1073 3337; x_wconf 84' lang='lat' dir='ltr'>significabat</span> <span class='ocrx_word' id='word_1_196' title='bbox 1096 3253 1277 3318; x_wconf 86' lang='lat' dir='ltr'>exercitum.</span> 
     </span>
    </p>

    <p class='ocr_par' dir='ltr' id='par_1_10' title="bbox 207 3365 1385 3890">
     <span class='ocr_line' id='line_1_27' title="bbox 298 3365 1385 3462; baseline -0.001 -24"><span class='ocrx_word' id='word_1_197' title='bbox 298 3365 482 3460; x_wconf 79' lang='grc' dir='ltr'><strong><em>σύστημα</em></strong></span> <span class='ocrx_word' id='word_1_198' title='bbox 513 3399 634 3441; x_wconf 74' lang='lat' dir='ltr'>manus.</span> <span class='ocrx_word' id='word_1_199' title='bbox 653 3377 805 3442; x_wconf 90' lang='lat' dir='ltr'>militum:</span> <span class='ocrx_word' id='word_1_200' title='bbox 840 3370 878 3440; x_wconf 87' lang='grc' dir='ltr'>τό</span> <span class='ocrx_word' id='word_1_201' title='bbox 906 3368 1055 3462; x_wconf 92' lang='grc' dir='ltr'><strong><em>σύστημα</em></strong></span> <span class='ocrx_word' id='word_1_202' title='bbox 1082 3377 1147 3439; x_wconf 82' lang='grc' dir='ltr'>τῶν</span> <span class='ocrx_word' id='word_1_203' title='bbox 1169 3368 1385 3460; x_wconf 82' lang='grc' dir='ltr'><strong><em>μισθοφόρων</em></strong></span> 
     </span>
     <span class='ocr_line' id='line_1_28' title="bbox 211 3474 1384 3568; baseline 0 -22"><span class='ocrx_word' id='word_1_204' title='bbox 211 3484 239 3562; x_wconf 90' lang='grc'>1,</span> <span class='ocrx_word' id='word_1_205' title='bbox 264 3483 320 3561; x_wconf 91' lang='grc'>81,</span> <span class='ocrx_word' id='word_1_206' title='bbox 348 3484 402 3559; x_wconf 90' lang='grc'>11;</span> <span class='ocrx_word' id='word_1_207' title='bbox 427 3474 595 3564; x_wconf 82' lang='grc' dir='ltr'><strong><em>ὁλοσχερές</em></strong></span> <span class='ocrx_word' id='word_1_208' title='bbox 617 3505 650 3545; x_wconf 93' lang='grc' dir='ltr'>τι</span> <span class='ocrx_word' id='word_1_209' title='bbox 674 3475 822 3568; x_wconf 82' lang='grc' dir='ltr'><strong><em>σύστημα</em></strong></span> <span class='ocrx_word' id='word_1_210' title='bbox 844 3484 908 3545; x_wconf 86' lang='grc' dir='ltr'>τῶν</span> <span class='ocrx_word' id='word_1_211' title='bbox 930 3476 1103 3566; x_wconf 78' lang='grc' dir='ltr'><strong><em>βαρβάρων</em></strong></span> <span class='ocrx_word' id='word_1_212' title='bbox 1130 3487 1160 3564; x_wconf 89' lang='grc'>3,</span> <span class='ocrx_word' id='word_1_213' title='bbox 1186 3487 1237 3562; x_wconf 87' lang='grc'>53,</span> <span class='ocrx_word' id='word_1_214' title='bbox 1263 3486 1297 3559; x_wconf 85' lang='grc'>6;</span> <span class='ocrx_word' id='word_1_215' title='bbox 1324 3484 1384 3547; x_wconf 86' lang='lat' dir='ltr'>hec</span> 
     </span>
     <span class='ocr_line' id='line_1_29' title="bbox 207 3590 1384 3674; baseline -0.001 -20"><span class='ocrx_word' id='word_1_216' title='bbox 207 3591 288 3674; x_wconf 84' lang='lat' dir='ltr'>sign.</span> <span class='ocrx_word' id='word_1_217' title='bbox 321 3590 459 3673; x_wconf 86' lang='lat' dir='ltr'>primum</span> <span class='ocrx_word' id='word_1_218' title='bbox 491 3591 575 3674; x_wconf 84' lang='lat' dir='ltr'>apud</span> <span class='ocrx_word' id='word_1_219' title='bbox 599 3590 666 3655; x_wconf 92' lang='lat' dir='ltr'>Pol.</span> <span class='ocrx_word' id='word_1_220' title='bbox 713 3592 801 3667; x_wconf 77' lang='lat' dir='ltr'>Quae</span> <span class='ocrx_word' id='word_1_221' title='bbox 829 3593 916 3656; x_wconf 91' lang='lat' dir='ltr'>notio</span> <span class='ocrx_word' id='word_1_222' title='bbox 939 3593 1032 3657; x_wconf 84' lang='lat' dir='ltr'>facile</span> <span class='ocrx_word' id='word_1_223' title='bbox 1064 3615 1101 3656; x_wconf 83' lang='lat' dir='ltr'>ex</span> <span class='ocrx_word' id='word_1_224' title='bbox 1125 3592 1173 3656; x_wconf 90' lang='lat' dir='ltr'>his</span> <span class='ocrx_word' id='word_1_225' title='bbox 1197 3591 1271 3655; x_wconf 88' lang='lat' dir='ltr'>locis</span> <span class='ocrx_word' id='word_1_226' title='bbox 1295 3591 1384 3674; x_wconf 84' lang='lat' dir='ltr'>quasi</span> 
     </span>
     <span class='ocr_line' id='line_1_30' title="bbox 209 3688 1383 3785; baseline -0.002 -23"><span class='ocrx_word' id='word_1_227' title='bbox 209 3720 247 3762; x_wconf 87' lang='lat' dir='ltr'>ex</span> <span class='ocrx_word' id='word_1_228' title='bbox 279 3696 366 3762; x_wconf 89' lang='lat' dir='ltr'>fonte</span> <span class='ocrx_word' id='word_1_229' title='bbox 393 3698 528 3762; x_wconf 87' lang='lat' dir='ltr'>derivari</span> <span class='ocrx_word' id='word_1_230' title='bbox 556 3691 683 3782; x_wconf 52' lang='lat' dir='ltr'>potest}</span> <span class='ocrx_word' id='word_1_231' title='bbox 705 3690 743 3760; x_wconf 83' lang='grc' dir='ltr'>τὸ</span> <span class='ocrx_word' id='word_1_232' title='bbox 766 3697 825 3785; x_wconf 78' lang='grc' dir='ltr'>τῆς</span> <span class='ocrx_word' id='word_1_233' title='bbox 853 3689 1018 3784; x_wconf 80' lang='grc' dir='ltr'><strong><em>φάλαγγος</em></strong></span> <span class='ocrx_word' id='word_1_234' title='bbox 1042 3688 1190 3782; x_wconf 89' lang='grc' dir='ltr'><strong><em>σύστημα</em></strong></span> <span class='ocrx_word' id='word_1_235' title='bbox 1214 3699 1244 3773; x_wconf 88' lang='grc'>5,</span> <span class='ocrx_word' id='word_1_236' title='bbox 1271 3698 1323 3777; x_wconf 92' lang='grc'>53,</span> <span class='ocrx_word' id='word_1_237' title='bbox 1349 3699 1383 3773; x_wconf 89' lang='grc'>3;</span> 
     </span>
     <span class='ocr_line' id='line_1_31' title="bbox 209 3795 833 3890; baseline 0.013 -26"><span class='ocrx_word' id='word_1_238' title='bbox 209 3802 267 3890; x_wconf 85' lang='grc' dir='ltr'>τής</span> <span class='ocrx_word' id='word_1_239' title='bbox 290 3795 413 3880; x_wconf 79' lang='grc' dir='ltr'><strong><em>τάξεως</em></strong></span> <span class='ocrx_word' id='word_1_240' title='bbox 434 3797 473 3867; x_wconf 81' lang='grc' dir='ltr'>τύ</span> <span class='ocrx_word' id='word_1_241' title='bbox 498 3795 647 3890; x_wconf 91' lang='grc' dir='ltr'><strong><em>σύστημα</em></strong></span> <span class='ocrx_word' id='word_1_242' title='bbox 673 3807 700 3886; x_wconf 90' lang='grc'>1,</span> <span class='ocrx_word' id='word_1_243' title='bbox 726 3808 778 3886; x_wconf 87' lang='grc'>34,</span> <span class='ocrx_word' id='word_1_244' title='bbox 804 3808 833 3872; x_wconf 91' lang='grc'>5.</span> 
     </span>
    </p>

    <p class='ocr_par' dir='ltr' id='par_1_11' title="bbox 207 3921 1385 4340">
     <span class='ocr_line' id='line_1_32' title="bbox 297 3921 1383 4014; baseline -0.003 -20"><span class='ocrx_word' id='word_1_245' title='bbox 297 3932 452 3995; x_wconf 75' lang='lat' dir='ltr'>exercitus</span> <span class='ocrx_word' id='word_1_246' title='bbox 480 3953 572 4014; x_wconf 82' lang='lat' dir='ltr'>saepe</span> <span class='ocrx_word' id='word_1_247' title='bbox 604 3932 637 3995; x_wconf 92' lang='lat' dir='ltr'>in</span> <span class='ocrx_word' id='word_1_248' title='bbox 661 3933 840 3997; x_wconf 80' lang='lat' dir='ltr'>universum</span> <span class='ocrx_word' id='word_1_249' title='bbox 865 3953 1044 4014; x_wconf 87' lang='lat' dir='ltr'>expressum</span> <span class='ocrx_word' id='word_1_250' title='bbox 1074 3934 1137 3995; x_wconf 90' lang='lat' dir='ltr'>est:</span> <span class='ocrx_word' id='word_1_251' title='bbox 1169 3921 1206 3992; x_wconf 81' lang='grc' dir='ltr'>τὸ</span> <span class='ocrx_word' id='word_1_252' title='bbox 1238 3927 1383 4011; x_wconf 78' lang='grc' dir='ltr'><strong><em>πλῆθος,</em></strong></span> 
     </span>
     <span class='ocr_line' id='line_1_33' title="bbox 207 4026 1384 4122; baseline 0.003 -26"><span class='ocrx_word' id='word_1_253' title='bbox 207 4029 248 4096; x_wconf 75' lang='grc' dir='ltr'>τοὶ</span> <span class='ocrx_word' id='word_1_254' title='bbox 272 4027 398 4122; x_wconf 91' lang='grc' dir='ltr'><strong><em>πλήθη,</em></strong></span> <span class='ocrx_word' id='word_1_255' title='bbox 424 4029 441 4098; x_wconf 85' lang='grc' dir='ltr'>ὁ</span> <span class='ocrx_word' id='word_1_256' title='bbox 466 4026 567 4116; x_wconf 82' lang='grc' dir='ltr'><strong><em>ύχλος,</em></strong></span> <span class='ocrx_word' id='word_1_257' title='bbox 593 4030 623 4100; x_wconf 76' lang='grc' dir='ltr'>οἱ</span> <span class='ocrx_word' id='word_1_258' title='bbox 644 4027 741 4117; x_wconf 80' lang='grc' dir='ltr'><strong><em>ύχλοι,</em></strong></span> <span class='ocrx_word' id='word_1_259' title='bbox 767 4031 798 4099; x_wconf 74' lang='grc' dir='ltr'>οἱ</span> <span class='ocrx_word' id='word_1_260' title='bbox 814 4031 938 4109; x_wconf 88' lang='grc' dir='ltr'><strong><em>πολλοί,</em></strong></span> <span class='ocrx_word' id='word_1_261' title='bbox 963 4061 1043 4122; x_wconf 85' lang='lat' dir='ltr'>quae</span> <span class='ocrx_word' id='word_1_262' title='bbox 1059 4038 1212 4103; x_wconf 81' lang='lat' dir='ltr'>vocabula</span> <span class='ocrx_word' id='word_1_263' title='bbox 1227 4038 1384 4102; x_wconf 85' lang='lat' dir='ltr'>contraria</span> 
     </span>
     <span class='ocr_line' id='line_1_34' title="bbox 209 4135 1385 4232; baseline 0 -26"><span class='ocrx_word' id='word_1_264' title='bbox 209 4149 281 4207; x_wconf 90' lang='lat' dir='ltr'>sunt</span> <span class='ocrx_word' id='word_1_265' title='bbox 312 4145 434 4209; x_wconf 89' lang='lat' dir='ltr'>notioni</span> <span class='ocrx_word' id='word_1_266' title='bbox 467 4145 562 4208; x_wconf 89' lang='lat' dir='ltr'>ducis.</span> <span class='ocrx_word' id='word_1_267' title='bbox 609 4135 727 4232; x_wconf 88' lang='grc' dir='ltr'><strong><em>πλήθη</em></strong></span> <span class='ocrx_word' id='word_1_268' title='bbox 761 4148 793 4224; x_wconf 95' lang='grc'>1,</span> <span class='ocrx_word' id='word_1_269' title='bbox 826 4147 882 4224; x_wconf 86' lang='grc'>27,</span> <span class='ocrx_word' id='word_1_270' title='bbox 916 4147 947 4221; x_wconf 88' lang='grc'>1;</span> <span class='ocrx_word' id='word_1_271' title='bbox 984 4137 1100 4232; x_wconf 86' lang='grc' dir='ltr'><strong><em>πλήθη</em></strong></span> <span class='ocrx_word' id='word_1_272' title='bbox 1132 4140 1188 4207; x_wconf 82' lang='grc' dir='ltr'>καὶ</span> <span class='ocrx_word' id='word_1_273' title='bbox 1212 4137 1385 4228; x_wconf 87' lang='grc' dir='ltr'><strong><em>στρατηγοί</em></strong></span> 
     </span>
     <span class='ocr_line' id='line_1_35' title="bbox 211 4241 1381 4340; baseline 0.003 -27"><span class='ocrx_word' id='word_1_274' title='bbox 211 4251 240 4330; x_wconf 91' lang='grc'>1,</span> <span class='ocrx_word' id='word_1_275' title='bbox 259 4252 317 4330; x_wconf 86' lang='grc'>32,</span> <span class='ocrx_word' id='word_1_276' title='bbox 342 4253 379 4327; x_wconf 87' lang='grc'>3;</span> <span class='ocrx_word' id='word_1_277' title='bbox 402 4243 433 4321; x_wconf 79' lang='grc' dir='ltr'>,ὁ</span> <span class='ocrx_word' id='word_1_278' title='bbox 455 4243 608 4330; x_wconf 81' lang='grc' dir='ltr'><strong><em>βασιλεύς</em></strong></span> <span class='ocrx_word' id='word_1_279' title='bbox 631 4247 686 4314; x_wconf 84' lang='grc' dir='ltr'>καί</span> <span class='ocrx_word' id='word_1_280' title='bbox 710 4245 747 4328; x_wconf 81' lang='grc' dir='ltr'>τὸ</span> <span class='ocrx_word' id='word_1_281' title='bbox 771 4250 835 4313; x_wconf 82' lang='grc' dir='ltr'>τῶν</span> <span class='ocrx_word' id='word_1_282' title='bbox 858 4241 1062 4315; x_wconf 77' lang='grc' dir='ltr'><strong><em>Μακεδόνων</em></strong></span> <span class='ocrx_word' id='word_1_283' title='bbox 1085 4250 1217 4340; x_wconf 79' lang='grc' dir='ltr'><strong><em>πλῆθος</em></strong></span> <span class='ocrx_word' id='word_1_284' title='bbox 1241 4253 1271 4331; x_wconf 91' lang='grc'>5,</span> <span class='ocrx_word' id='word_1_285' title='bbox 1296 4253 1326 4331; x_wconf 92' lang='grc'>2,</span> <span class='ocrx_word' id='word_1_286' title='bbox 1352 4253 1381 4316; x_wconf 85' lang='grc'>7.</span> 
     </span>
    </p>
   </div>
   <div class='ocr_carea' id='block_1_7' title="bbox 0 0 1592 4878">
    <p class='ocr_par' dir='ltr' id='par_1_12' title="bbox 0 0 1592 4878">
     <span class='ocr_line' id='line_1_36' title="bbox 0 0 1592 4878; baseline 0 0"><span class='ocrx_word' id='word_1_287' title='bbox 0 0 1592 4878; x_wconf 95' lang='lat' dir='ltr'> </span> 
     </span>
    </p>
   </div>
  </div>
 </body>
</html>
