3176 4878
679 237 986 355 -ιο-’

292 482 465 571 ὁμολογίας
497 483 706 575 ποιήσασθαι
739 483 794 549 καὶ
826 478 988 560 διαλύσεις
1015 493 1042 558 1,
1069 492 1121 562 88,
1149 493 1186 556 4;
1220 480 1378 572 ἐπιβουλή

203 593 258 659 καί
282 593 401 679 πρᾶξις
425 591 483 657 έπί
506 590 566 681 την
589 585 686 656 πόλιν
711 632 751 640 -
776 585 900 681 εἰρήνην
925 586 1104 677 ἐποιήσατο
1131 588 1188 654 καὶ
1211 583 1380 680 συνθήκας

204 707 234 782 2,
262 711 312 778 18,
339 711 357 769 9
384 740 425 750 -
453 701 704 784 περικακοῦντες
737 696 793 762 καί
824 689 1113 784 δυσχρηστούμενοι
1144 707 1174 774 2,
1208 707 1260 773 30,
1293 706 1312 764 4
1337 737 1376 744 -

203 810 419 888 παρακομιεῖν
449 804 505 870 καί
538 799 735 890 περαιώσειν
764 800 805 869 τά
829 804 932 891 θηρία
957 813 987 884 3,
1013 812 1065 884 46,
1091 813 1109 870 5
1137 843 1175 852 -
1201 795 1380 889 ἑπορπόλει

203 913 260 980 καὶ
282 914 482 1001 κατέφθειρε
505 909 562 1000 την
578 905 683 994 χώραν
701 921 730 989 3,
751 920 802 988 82,
824 921 863 979 10
877 951 918 958 -
932 904 1099 994 μάχεσθαι
1116 908 1172 974 καὶ
1188 903 1381 993 συμβάλλειν

204 1024 276 1099 τοῖς
299 1016 468 1102 πολεμίοις
487 1029 514 1099 3,
537 1029 608 1095 111,
631 1028 667 1096 l‚·
689 1021 790 1084 multa
813 1021 883 1085 alis.
920 1019 1007 1095 Quae
1030 1019 1252 1084 vocabulorum
1277 1019 1379 1103 dupli-

204 1131 286 1194 catio
300 1131 433 1194 multum
446 1128 569 1193 confert
584 1129 623 1191 ad
641 1129 791 1211 majorem
805 1130 972 1192 verborum
984 1128 1117 1209 copiam,
1133 1128 1216 1210 quod
1229 1127 1379 1212 Polybius

203 1239 235 1301 in
244 1237 347 1301 studio
356 1236 527 1299 multorum
538 1235 1378 1318 etvariarumvocumsempernovasquaererecogitur.

294 1343 385 1406 Haud
411 1363 482 1404 raro
498 1345 667 1404 occurrunt
683 1341 776 1404 etiam
795 1341 961 1424 partieipia
976 1363 1047 1404 oum
1064 1341 1165 1404 verbis
1181 1342 1278 1406 finitis
1294 1342 1381 1405 velut

204 1443 406 1523 ἐκκλίναντες
430 1439 648 1530 ἀποχωροῦσι,
673 1470 754 1531 quae
775 1449 947 1512 locutiones
963 1448 1138 1512 orationem
1153 1448 1261 1512 multis
1278 1449 1379 1513 verbis

205 1560 348 1620 onerant.

294 1661 481 1738 Pleonasmi,
505 1662 560 1744 qui
584 1662 740 1738 dicuntur,
765 1684 857 1746 saepe
880 1662 983 1726 looum
1008 1661 1142 1727 habent:
1174 1653 1259 1723 κατά
1283 1653 1378 1739 πρό-

205 1789 317 1831 σωπον
345 1757 600 1848 ἀντιπρώρους
628 1757 801 1842 τάττοντες
826 1805 863 1812 -
891 1764 1071 1832 δεκαναΐα
1100 1767 1233 1850 μακρῶν
1257 1762 1381 1830 πλοίων

206 1882 257 1950 22,
279 1883 329 1952 10,
347 1883 383 1950 4,·
407 1865 681 1956 ἐπαγγελλόμενος
706 1870 907 1937 όεκαναΐαν
931 1867 1047 1938 δώσειν
1071 1869 1181 1960 ἐντελῆ
1205 1896 1379 1960 πεντηκον-

204 1980 349 2068 τηρικών
373 1974 516 2043 πλοίων
534 1987 585 2059 24,
604 1987 633 2055 6,
656 1989 687 2055 1;
708 2019 745 2025 -
763 1979 983 2064 παρενέβαλον
998 1977 1074 2057 τοός
1090 1974 1218 2059 πεζούς,
1243 1972 1379 2047 ποιού-

204 2110 313 2169 μενοι
335 2081 404 2176 την
427 2081 583 2162 ἔκταξιν
606 2079 675 2167 ἅμα
699 2080 781 2170 πρός
805 2081 961 2170 ἑκατέραν
985 2082 1042 2175 την
1076 2078 1284 2173 ἐπιφάνειαν,
1317 2114 1380 2154 uns

206 2196 343 2261 formula
366 2196 533 2260 sufficeret.
555 2232 592 2240 —-
612 2187 714 2256 ὅπλον
730 2191 839 2278 φέρειν
856 2194 1012 2273 πολέμιον
1031 2232 1068 2240 ῃ
1088 2191 1248 2277 μαχαίρας
1263 2219 1380 2274 μαχαι-

205 2304 355 2384 ρομαχεῖν
383 2308 432 2378 10,
458 2309 510 2374 20,
537 2309 573 2377 3,·
596 2294 678 2384 λόχιμ
703 2295 904 2384 ένεδρεοθείς
921 2308 950 2376 8,
974 2309 1036 2376 1,2
1063 2337 1104 2346 -
1129 2294 1161 2363 ot
1176 2295 1382 2382 ἁλισκόμενοι

203 2400 399 2487 αἰχμάλωτοι
437 2416 467 2482 3,
497 2415 569 2487 104,
602 2417 633 2485 1;
668 2400 726 2494 την
757 2402 939 2488 παρουσίαν
973 2404 1117 2483 συνέντες
1145 2402 1181 2470 ἔκ
1205 2430 1292 2485 τινος
1315 2410 1379 2472 τών

202 2506 372 2594 α’χθέντων
403 2505 614 2595 αἰχμαλώτων
644 2522 672 2589 2,
700 2522 752 2589 27,
779 2521 814 2589 7,·
844 2511 861 2576 ὁ
895 2510 1003 2600 νηΐτης
1036 2505 1149 2590 στόλος
1182 2523 1211 2590 8,
1239 2526 1267 2592 5,
1298 2526 1309 2583 1
1339 2553 1377 2564 -

202 2623 459 2707 ναυπηγεῖσθαι
483 2614 594 2706 σκάφη
623 2630 649 2696 1,
676 2628 725 2700 20,
754 2629 772 2686 0
799 2659 836 2666 -
864 2612 1176 2701 ποιοόμενος·τόν
1199 2619 1380 2687 κίνδυνον

203 2719 362 2813 ἐχρήσατό
386 2749 449 2792 τινι
476 2719 719 2813 στρατηχίματι
742 2722 827 2789 κατά
852 2721 919 2789 τόν
942 2719 1070 2810 οἰχῶνα
1093 2728 1219 2812 τοιῷδε.

292 2830 622 2914 συναθροίσαντες
650 2828 709 2911 τοίς
740 2825 891 2914 δυνάμεις
922 2830 989 2898 ἐπὶ
1012 2825 1167 2914 nodutis,
1201 2827 1378 2900 κατόπιν

204 2934 396 3026 άναχωρεῖν
424 2980 463 2990 -

293 3052 487 3117 Pleonustice
510 3053 593 3116 diota
616 3056 689 3115 sunt
713 3051 880 3133 permulta,
913 3073 993 3134 quae
1022 3073 1077 3114 nos
1105 3051 1154 3115 vel
1181 3053 1380 3134 paucioribus

204 3159 363 3223 vocabulis
386 3158 436 3222 vel
460 3160 543 3221 nudo
560 3159 692 3222 articulo
716 3179 845 3239 express
870 3157 1009 3221 velimus.

297 3275 324 3352 l,
352 3275 402 3352 17,
430 3272 558 3338 12-13
581 3274 665 3338 inter
688 3258 815 3354 έχθρών
839 3276 871 3336 et
893 3264 968 3346 τοός
992 3266 1167 3352 πολεμίους
1190 3279 1256 3338 tam
1277 3279 1377 3339 artum

204 3382 342 3465 spatium
365 3386 424 3458 est,
456 3387 490 3444 ut
516 3379 682 3464 Polybium
706 3403 768 3444 non
793 3380 970 3444 adhibuisse
994 3403 1165 3462 pronomen
1191 3371 1290 3456 αὐτός
1308 3382 1380 3465 jure

206 3489 367 3553 miremur.
417 3490 445 3565 l,
470 3489 522 3566 23,
557 3491 574 3553 7
600 3488 776 3551 invenimus
808 3491 877 3549 erto
908 3487 1008 3569 spatio
1031 3485 1108 3560 ναῦς
1134 3520 1173 3532 —
1199 3486 1313 3549 πλοῖον
1339 3526 1377 3534 -

206 3585 326 3680 σκάφη.
381 3594 512 3660 Veteres
541 3591 656 3655 πλοῖον
687 3594 815 3656 omnino
847 3593 1023 3657 omisissent
1054 3599 1086 3657 et
1115 3595 1249 3673 nudum,
1285 3617 1380 3678 quem

203 3703 345 3780 dicimus,
370 3701 537 3766 articulum
553 3701 736 3784 posuissent,
762 3699 961 3764 referendum
977 3700 1016 3762 ad
1034 3701 1270 3765 antecedentem
1286 3700 1378 3775 ναῦςε

204 3807 317 3892 Neque
350 3803 383 3871 έν
414 3808 454 3896 τῇ
483 3800 595 3894 ’σκάφη
626 3813 745 3874 veteres
780 3808 972 3891 posuissent,
1010 3809 1062 3872 sed
1098 3810 1253 3873 sententia
1283 3811 1379 3874 totius

206 3916 362 3980 enuntiati
384 3915 685 3999 subintelligendum
709 3937 773 3980 esse
798 3915 1001 3998 putavissent.

296 4033 325 4110 1,
350 4033 402 4110 31,
428 4031 530 4096 5-8:
560 4021 770 4112 ἐπιτάγματα
806 4067 840 4076 -
873 4023 1112 4113 προστάγματα
1146 4067 1182 4075 -
1213 4023 1379 4113 προτεινό-

203 4159 284 4216 μενα
312 4173 347 4182 -
376 4125 545 4222 (βαρύτης)
570 4172 613 4182 -
636 4127 871 4218 προτεινόμενα
901 4138 997 4203 semel
1027 4139 1076 4202 vel
1110 4138 1155 4202 bis
1187 4142 1269 4202 certe
1293 4139 1379 4202 notio

208 4245 381 4310 omittenda
404 4250 480 4310 erat.
