3176 4878
664 261 876 326 ..14-

275 449 425 543 Ἐλαφροί
446 459 519 523 inde
543 481 562 521 a
585 456 664 521 Xen.

277 565 415 650 Κοῦφοι,
439 566 561 649 saepius
584 566 666 649 apud
690 569 832 628 nostrum
856 569 887 630 et
909 563 990 630 Xon.

277 681 413 767 είίζωνος
425 692 533 755 erebro
549 691 675 774 quidem
691 690 773 772 apud
790 690 963 774 superiores
977 689 1147 767 invenitur,
1171 689 1223 754 sed
1240 689 1367 754 notione

185 805 325 881 paratus
347 799 529 879 aspectuum
563 798 646 880 aqud
669 797 738 862 Pol.
761 798 887 880 proprie
910 796 1090 880 saepissime
1113 796 1273 882 significat
1300 797 1366 875 ,die

189 906 542 982 Leiohtbewsffneten“,
570 905 597 982 1,
623 906 676 982 40,
702 907 731 968 6.

279 1002 500 1096 γροσφομιίχοι
522 1011 572 1076 vel
596 1001 817 1094 γροσφοφόροι
852 1013 941 1096 prim.
974 1013 1056 1096 apud
1081 1011 1148 1076 Pol.
1178 1013 1227 1089 10,
1257 1013 1310 1088 32,
1335 1014 1365 1090 2,

189 1121 245 1185 ubi
272 1119 310 1184 de
340 1118 421 1184 bello
445 1117 656 1182 Hannibalioo
680 1122 844 1195 narratur,
877 1119 959 1202 quod
988 1119 1175 1184 vocabulum
1198 1119 1303 1184 neseio
1327 1141 1367 1181 an

191 1227 250 1291 hoo
280 1226 349 1290 looo
381 1229 540 1308 sumptum
565 1224 614 1302 sit,
651 1225 735 1308 quod
759 1224 921 1288 Hannibal
943 1231 1014 1308 post
1037 1247 1177 1310 pugnam
1202 1227 1239 1289 ad
1263 1226 1366 1289 lacurn

190 1334 409 1398 Trasimenum
432 1333 628 1397 commissam
650 1331 764 1396 multos
788 1333 924 1396 militum
939 1356 1066 1398 suorum
1082 1334 1154 1416 pilis
1178 1337 1230 1416 (ex
1251 1333 1368 1416 praeda

190 1443 293 1526 capta)
316 1443 500 1504 armaverat.
549 1439 663 1504 Pilum
688 1438 821 1523 Polybio
844 1462 935 1522 saepe
959 1444 1006 1504 est
1028 1431 1180 1523 γρόσφος.

280 1555 436 1648 εὐκίνητοι
460 1563 636 1646 saepissime
661 1564 744 1648 apud
767 1563 898 1647 Polyb.;
923 1555 1164 1648 εὐκινητότατοι
1196 1564 1223 1637 1,
1253 1565 1305 1641 33,
1332 1566 1366 1638 7;

192 1676 211 1737 3
247 1675 300 1748 43,
326 1674 355 1735 2.

215 1724 222 1752 ⁹
281 1771 312 1841 oi
335 1766 617 1859 ἀκροβολιζόμενοι
639 1777 815 1854 volitantes,
838 1777 947 1842 velites
974 1777 1001 1854 1,
1027 1779 1080 1854 40,
1108 1779 1157 1840 10.

279 1903 441 1968 Usitatum
454 1902 537 1985 apud
552 1906 668 1966 veteres
681 1902 868 1967 vocabulum
880 1924 937 1984 pro
946 1892 1038 1986 'gravi
1056 1907 1217 1966 armatura
1233 1894 1367 1964 ὁπλῖται

192 2011 274 2093 apud
299 2010 366 2073 Pol.
390 2031 460 2073 raro
484 2010 620 2073 occurrit
644 2011 674 2087 2,
699 2012 730 2087 3,
749 2012 786 2086 4;
812 2011 843 2087 3,
860 2010 912 2084 53,
932 2010 965 2084 1;
990 2008 1084 2072 etiam
1107 1999 1149 2068 τᾶ
1173 1998 1259 2069 ὅπλα
1283 2009 1367 2091 apud

192 2117 364 2200 superiores
388 2115 545 2199 significat
568 2138 697 2200 gravem
721 2120 925 2191 armaturam,
949 2115 1022 2179 inde
1044 2113 1194 2178 aThuo.:
1219 2107 1368 2188 ἐξέτασιν

191 2222 256 2285 τῶν
279 2215 390 2284 ὅπλων
412 2225 588 2284 ποιεῖσθαι
605 2221 705 2286 Thuo.
727 2224 758 2300 4,
785 2225 840 2298 74;
866 2225 895 2301 6,
921 2223 973 2285 90.
999 2257 1040 2267 -
1065 2213 1082 2282 ὁ
1107 2211 1285 2303 στρατηγὸς
1309 2214 1367 2281 ἐπὶ

192 2323 233 2392 τοί
267 2323 354 2392 ὅπλα
386 2352 469 2413 corp.
499 2331 591 2394 inser.
627 2352 658 2393 n.
694 2331 766 2408 123,
792 2331 843 2394 46.
870 2365 912 2376 —-
936 2329 985 2392 vel
1017 2321 1195 2413 στρατηγὸς
1219 2323 1276 2389 ἐπὶ
1300 2326 1366 2388 τῶν

192 2429 304 2499 ὅπλων
319 2436 409 2502 Dem.
433 2436 600 2500 Novantur·
623 2437 714 2501 haec:
739 2432 833 2512 πεζοί
848 2437 959 2517 βαρεῖς
979 2438 1029 2512 10,
1047 2438 1099 2514 44,
1117 2438 1151 2510 5;
1175 2457 1368 2519 quamquam

192 2535 292 2626 βαρύς
315 2545 348 2608 in
371 2544 525 2608 similibus
548 2545 712 2609 structuris
732 2546 799 2628 jam
825 2544 907 2627 apud
923 2542 1002 2607 Xen.
1028 2547 1138 2620 exstat,
1163 2546 1200 2605 ut
1215 2532 1252 2602 τὸ
1268 2531 1369 2623 βαρί-

192 2671 290 2713 τατον
321 2651 378 2713 τοῦ
407 2648 630 2733 στρατοπέδου
655 2651 732 2736 0er
753 2654 782 2730 5,
808 2653 839 2728 3,
864 2652 922 2725 373
949 2687 986 2695 -
1011 2650 1190 2733 saepissime
1217 2649 1370 2713 habemus

193 2751 234 2819 τοί
265 2754 368 2842 βαρέα
395 2758 460 2819 τῶν
489 2750 612 2834 ὅπλων,
647 2752 678 2821 oi
710 2754 743 2821 ἐν
766 2759 835 2832 τοῖς
865 2753 998 2838 βαρέσιν
1021 2749 1150 2833 ὅπλοις,
1185 2749 1215 2817 oi
1243 2749 1277 2817 ἐν
1300 2756 1370 2830 τοῖς

192 2861 308 2948 βαρέσι
337 2865 602 2946 καθοπλισμοῖςς
635 2857 693 2951 τήν
721 2864 786 2926 τῶν
813 2861 939 2947 βαρέων
971 2857 1081 2926 ὅπλων
1111 2856 1230 2947 ἔφοδον
1258 2862 1371 2948 φυγεῖν

194 2975 225 3050 5,
250 2973 303 3051 23,
328 2974 357 3036 4.
383 3009 425 3018 —

196 3185 242 3250 De
265 3185 435 3263 vocabulis,
459 3208 539 3269 quae
562 3186 606 3249 od
629 3187 785 3250 exereitus
801 3191 1007 3250 commeatum
1022 3191 1052 3249 et
1066 3185 1183 3249 victum
1199 3183 1370 3266 pertinent.

284 3327 482 3394 Commeatus
506 3329 662 3393 veteribus
685 3332 732 3393 est
755 3318 920 3414 ἐπαγωγή,
945 3317 1080 3414 κομιόής
1103 3317 1290 3389 ἀποκλείειν
1313 3324 1372 3409 τῆς

195 3429 368 3522 ἐπαγωγῆς
392 3443 564 3501 commeatu
578 3437 789 3500 intercludere
805 3436 926 3518 saepius
943 3436 1129 3499 invenimus.
1159 3432 1227 3496 Pol.
1247 3437 1371 3497 utrum·

194 3565 255 3626 que
279 3543 465 3608 vocabulum
490 3543 603 3608 omisit.
651 3543 728 3607 lude
752 3566 770 3607 a
794 3542 873 3607 Xen.
899 3543 1034 3608 occurrit
1057 3530 1281 3626 παραπομπή.

282 3657 500 3754 Παρακομιόή
513 3668 605 3751 prim.
620 3668 701 3750 apud
714 3671 870 3742 nostrum3
884 3659 942 3753 τήν
954 3657 1183 3751 παρακομιδὴν
1196 3665 1373 3727 ποιεῖσθαι

195 3771 259 3833 τῶν
283 3767 318 3834 ἐκ
342 3773 400 3860 τῆς
423 3764 528 3855 χώρας
551 3763 736 3855 οῗναγκαίων
760 3772 828 3836 Pol.
856 3773 906 3850 10,
935 3773 984 3850 10,
1011 3774 1061 3835 13.

286 3897 388 3962 Antea
421 3899 515 3962 etiam
547 3899 646 3976 σῖτος,
681 3889 722 3958 vri
746 3891 844 3978 σιτία,
876 3889 918 3957 τοὶ
949 3886 1121 3980 ἐπιτήδεια
1148 3895 1374 3980 significabant

196 4010 413 4084 commeatum,
448 4007 574 4069 vietum.
622 4005 672 4068 Ad
700 4004 778 4068 haec
801 4003 883 4086 apud
915 4006 1055 4066 nostrum
1078 4003 1248 4080 aooedunt3
1284 4021 1373 4087 σιτη-

195 4095 301 4194 ρέσιον
334 4113 407 4176 inde
442 4112 564 4178 aXen.
600 4118 631 4176 et
665 4105 833 4192 (Μαρκίας
869 4104 1056 4192 σιτομετρία
1090 4111 1221 4184 cibaria,
1259 4111 1371 4192 vietus,

201 4222 229 4298 1,
254 4221 307 4292 68,
332 4221 362 4298 9,
387 4221 480 4304 prim.
505 4221 588 4304 apud
613 4219 680 4283 Pol.
