3176 4878
705 271 922 334 -45*

316 456 492 548 σταύρωμα
515 466 632 530 vallum
657 468 766 531 crebro
789 472 973 550 usurpatum
998 467 1081 550 apud
1106 467 1217 546 Thuc.‚
1241 467 1325 551 apud
1345 490 1404 532 no-

226 579 325 637 strum
349 597 411 639 non
436 574 578 657 legimns

314 672 522 763 κατάγεσθαι
545 703 602 764 pro
626 681 782 761 appellere
804 702 915 746 ιιοοοικ
938 681 1039 764 magis
1056 681 1218 764 magisque
1235 683 1401 746 evanescit.

316 798 522 890 προφύλακες
540 808 683 887 primum
708 827 819 888 apmeo
843 829 907 871 non
930 810 1031 870 exstat
1054 807 1137 888 apud
1160 811 1311 870 nostrum.

313 919 466 1004 πρέσβεις
489 923 588 986 multo
612 923 712 986 rarius
737 922 869 1006 legimus
893 945 988 1006 quam
1012 916 1220 1004 πρεσβευταί.

314 1030 498 1114 άιιοστόλος
522 1040 646 1121 lepalus
670 1041 751 1124 apud
777 1039 844 1102 Pol,
869 1062 931 1103 non
956 1039 1118 1104 habemus

314 1162 535 1246 διαλέγεσθαι,
561 1155 674 1247 λόγους
697 1165 872 1228 ποιεῖσθαι
898 1164 998 1228 multo
1021 1165 1125 1228 minus
1148 1164 1282 1248 legimus
1305 1188 1401 1248 quam

223 1261 510 1352 διασρεσβεάομαι,
537 1269 780 1350 ὃιαντέμιτομαι,
807 1267 1060 1354 κοινολογέομαι,
1084 1267 1198 1334 lolem.

550 1486 584 1551 Β.
617 1488 662 1552 De
687 1488 909 1552 vocabulorum
934 1487 1083 1552 fontibus·

313 1629 422 1693 Altera
438 1634 484 1693 est
499 1631 650 1713 quaestio,
675 1632 756 1696 unde
780 1636 811 1694 et
826 1653 889 1714 quo
909 1631 1001 1694 modo
1017 1630 1167 1714 Polybius
1183 1634 1231 1693 tot
1248 1630 1399 1694 vocabula

223 1735 282 1800 sibi
306 1741 404 1819 peret.
454 1737 714 1819 Respondendum
740 1739 839 1802 estid
870 1738 969 1802 solum
994 1738 1084 1802 uobis
1106 1738 1308 1801 manifestum
1333 1759 1397 1800 esse

224 1844 305 1926 apud
331 1843 498 1928 Polybium
530 1849 562 1908 et
591 1846 691 1909 multa
723 1868 805 1910 nova
834 1846 988 1910 vocabula
1015 1846 1149 1909 inveniri
1185 1850 1216 1908 et
1240 1846 1340 1908 multa
1362 1846 1396 1908 in

222 1974 338 2015 novum
361 1975 485 2016 sensum
509 1953 654 2017 traducta
677 1976 751 2018 esse.
788 1953 961 2037 Utriusque
984 1953 1107 2036 generis
1130 1953 1260 2036 longam
1285 1975 1396 2016 vocum

221 2059 332 2123 seriem
356 2082 537 2123 enumerare
560 2082 827 2141 supervacaneum
850 2063 906 2136 est,
936 2059 1118 2141 praesertim
1144 2082 1214 2122 eum
1238 2081 1284 2131 ec,
1313 2082 1395 2142 quae

222 2167 261 2230 ad
285 2166 366 2229 banc
389 2189 453 2228 rem
479 2168 648 2248 pertinent,
672 2167 705 2228 in
729 2167 832 2248 priore
856 2170 944 2248 parte
960 2167 1054 2248 hujus
1069 2165 1312 2248 scriptiunculee
1331 2167 1395 2230 sint

222 2278 474 2338 commemorata.
507 2273 593 2346 Quae
610 2273 761 2337 vocabula
777 2278 884 2336 utrum
899 2274 957 2355 ipsi
975 2272 1106 2357 Polybio
1123 2295 1205 2336 nova
1220 2295 1260 2336 an
1277 2272 1415 2336 diutius·

221 2381 254 2442 in
279 2402 334 2442 usu
360 2379 486 2451 fuerint,
512 2402 573 2443 non
595 2381 661 2462 jam
685 2403 793 2445 eruere
817 2401 988 2462 possumus.
1037 2379 1212 2446 Historicae
1236 2379 1317 2443 enim
1343 2380 1392 2444 vel

221 2487 325 2568 potius
357 2486 453 2549 totius
477 2487 542 2550 fere
566 2487 685 2551 solutae
708 2487 858 2552 orationis
882 2486 1022 2559 litterae,
1055 2510 1136 2570 quae
1159 2510 1214 2571 per
1236 2488 1298 2551 duo
1322 2492 1395 2550 ante

223 2593 389 2677 Polybium
412 2594 535 2657 saecula
559 2595 786 2672 exarabantur,
819 2595 996 2678 deperditae
1019 2600 1102 2658 sunt.
1136 2594 1309 2678 Nunquam
1332 2594 1394 2678 igi-

221 2705 274 2762 tur
305 2705 424 2764 certum
454 2701 572 2784 aliquid
605 2706 636 2765 et
659 2704 864 2766 constitutum
896 2704 933 2766 de
957 2702 1016 2766 hac
1046 2726 1080 2766 re
1104 2703 1300 2767 habebimus,
1348 2702 1394 2764 lna

221 2812 337 2885 autem,
361 2831 441 2892 quae
465 2810 502 2872 ad
528 2809 647 2872 fontem
672 2809 827 2893 quendem
852 2832 870 2872 a
894 2809 984 2872 nobis
1007 2810 1146 2873 revocari
1170 2814 1308 2892 possunt,
1333 2809 1394 2872 hoc

221 2914 289 2978 loco
313 2915 465 2979 allaturus
488 2939 566 2980 sum.

310 3040 472 3104 Permulta
496 3042 657 3118 habemus³
681 3065 762 3126 quae
778 3042 925 3105 Latinum
946 3064 1120 3106 sermonem
1139 3042 1295 3106 redolent:
1320 3061 1392 3103 σον-

219 3137 389 3225 ταράττειν
422 3135 564 3225 τιόλεμον
596 3148 712 3212 bellum
748 3149 945 3230 perturbare;
981 3140 1214 3212 άττοτίθεοθαι
1250 3139 1393 3226 πόλεμον

221 3253 338 3317 bellum
370 3253 539 3336 deponere;
573 3247 621 3326 είς
653 3248 765 3316 πίστιν
796 3249 911 3316 ἑαυτὸν
943 3252 1056 3318 δοῦναι
1085 3257 1117 3318 in
1146 3255 1240 3319 fidem
1264 3277 1296 3318 se
1320 3255 1393 3318 dare

219 3359 424 3443 permittere),
439 3351 659 3445 καταγράφειν
674 3363 869 3426 conscribere
886 3362 1014 3444 (copies,
1032 3361 1171 3442 milites),
1197 3362 1274 3426 alias
1290 3383 1391 3424 κατα-

219 3464 320 3548 λέγειν
338 3504 378 3512 -
396 3461 520 3551 σιγμαία
545 3468 750 3552 (manipulus)
774 3469 923 3533 vexillum
942 3506 982 3514 -
1000 3465 1232 3551 πρωτοιτορεία
1255 3472 1392 3554 primum

219 3594 332 3655 agmen
358 3611 398 3618 -
423 3567 499 3655 ἔργα
523 3596 617 3656 opere
641 3575 817 3654 „Werke“;
850 3573 971 3654 ιιτῶμα
994 3578 1086 3640 ruina
1109 3575 1286 3660 (Bresehe);
1312 3597 1391 3658 τερο·

219 3675 339 3741 κοιτίαι
364 3679 527 3755 excubiae;
563 3674 734 3744 διακλείειν
756 3681 963 3745 intercludere
987 3719 1028 3727 -
1052 3676 1213 3744 νεανίσκοι
1237 3682 1392 3765 (juvenes)

219 3787 349 3862 milites,·
372 3776 556 3866 ὂιοβοάλιον
580 3787 743 3851 consilium
768 3787 986 3871 „Kriegsrat“.

307 3909 396 3986 Quod
421 3908 559 3975 Sticbius
583 3909 670 3994 (pag.
697 3912 730 3994 8)
762 3912 813 3976 hic
845 3915 968 3995 reponit
1000 3907 1175 3996 θρίαμβος,
1212 3919 1294 3978 certe
1328 3936 1391 3978 non

217 4040 294 4100 opus
328 4022 374 4081 est
407 4018 466 4082 hoc
497 4018 686 4082 vocabulum
718 4042 734 4083 ο
759 4020 901 4084 Romana
933 4020 1043 4105 lingue
1073 4021 1233 4086 deducere.
1280 4021 1391 4086 Suidas

219 4125 344 4208 quidem
369 4125 450 4189 hanc
474 4147 580 4190 vocem
602 4127 684 4208 apud
701 4125 864 4190 Cratinum
881 4127 913 4189 in
930 4149 987 4189 usu
1003 4126 1096 4191 fuisse
1112 4131 1245 4192 testatur
1265 4129 1391 4192 notione

217 4232 326 4317 tymni
351 4233 473 4297 Boeoti
503 4233 629 4297 tortoris
660 4254 755 4298 causa
789 4236 962 4314 corrrposili.
1011 4235 1038 4297 Α
1066 4235 1214 4319 Polybio,
1245 4237 1276 4299 id
1308 4237 1390 4322 quod
