3176 4878
696 303 907 366 ..39-

218 498 278 584 τῆς
302 488 453 579 οίραχίας
478 506 507 573 4,
536 506 587 575 11,
605 505 639 573 6;
666 505 813 577 4,12,1.
839 498 1039 578 ψυχομαχεῖν
1066 506 1093 572 1,
1113 505 1162 572 58,
1181 505 1216 573 7,·
1244 506 1270 574 1,
1289 505 1341 572 59,
1363 507 1396 576 1;

220 599 407 688 ψυχομαχία
435 612 461 686 1,
487 611 538 682 59,
565 605 595 669 6.
1486 593 1490 600 ’

309 711 405 775 Aliud
421 732 521 795 genus
537 711 713 776 iterationis
728 715 784 789 est,
802 734 873 776 cum
891 712 1080 776 vocabulum
1095 712 1253 794 quoddam
1269 714 1397 795 proprie

217 819 255 882 de
279 817 385 908 aliqua
409 841 443 882 re
465 818 588 895 dicitur,
613 817 699 882 velut
720 814 840 896 λέμβος
864 820 902 882 de
926 819 1073 882 lintribus
1099 817 1288 900 lllyriorum,
1313 839 1394 899 παρ-

219 928 337 1003 aaaron
361 927 397 990 de
421 925 569 989 lintribus
585 924 759 1002 Gallorum,
784 915 886 1008 πόρος
909 926 947 989 de
964 925 1043 988 mari
1060 923 1165 1002 Jonio,
1191 920 1333 1006 πέλαγος
1357 926 1394 988 de

221 1034 346 1099 Sicilico
371 1039 402 1098 et
426 1033 628 1099 Sardiniensi.

308 1141 355 1205 Ac
379 1141 404 1204 si
428 1141 554 1224 longius
577 1142 744 1223 procedere
768 1141 855 1216 licet,
891 1141 975 1204 haud
1005 1142 1068 1206 scio
1092 1164 1133 1204 an
1157 1164 1196 1205 ex
1219 1140 1394 1205 variatione

219 1249 311 1312 unius
326 1249 496 1332 scriptoris,
514 1247 648 1332 Polybii,
669 1248 802 1311 variatio
819 1253 850 1310 et
865 1247 1028 1312 diversitas
1044 1252 1074 1312 et
1086 1247 1252 1312 arbitrium
1269 1247 1391 1310 dicendi

217 1356 425 1439 complurium
435 1357 634 1437 scriptorum,
644 1377 761 1431 eorum,
773 1377 996 1438 quorumquae
1006 1348 1217 1437 dicituruowri
1227 1343 1395 1427 διάλεκτος

218 1464 345 1546 propria
368 1466 424 1539 est,
449 1461 628 1526 deducenda
651 1461 722 1524 sint.
760 1461 947 1544 Bernhardy
962 1461 1100 1543 quidem,
1124 1461 1172 1524 vir
1188 1461 1393 1538 doctissimae,

218 1570 308 1634 dicit:
342 1568 434 1648 ,Wir
456 1577 579 1632 mr'issen
603 1567 784 1652 vorzr'lglich
809 1569 842 1632 in
865 1569 919 1631 der
942 1567 1145 1651 Ungleicbeit
1169 1568 1232 1630 und
1256 1566 1395 1650 Subjelr·

217 1677 325 1740 tivittlt
348 1677 437 1740 einen
464 1675 684 1739 wesentlichen
709 1675 776 1756 Zug
800 1675 855 1738 der
879 1664 970 1754 κοινή
994 1674 1168 1750 erlrennen,
1198 1696 1290 1737 wenn
1314 1673 1394 1736 auch

218 1783 286 1846 ihre
310 1781 469 1845 Genossen
493 1781 524 1843 in
543 1781 628 1845 einer
642 1780 773 1844 Familia
790 1782 1088 1865 zusammengehen3
1113 1782 1157 1845 sie
1174 1780 1278 1845 bilden
1292 1781 1395 1863 jedes-

217 1889 282 1953 mal
313 1888 364 1952 ein
397 1888 582 1952 besonderes
605 1887 769 1966 Problem,
806 1889 860 1951 das
883 1889 1108 1971 grammatisch
1132 1889 1195 1950 und
1219 1888 1395 1952 rhetorisoh

218 1996 399 2060 erforschen
424 1994 517 2058 will.“

307 2102 440 2187 Polybio
457 2102 597 2167 Diodoro
614 2101 786 2166 Plutarcho
809 2103 846 2165 de
870 2104 1035 2166 verborum
1060 2104 1151 2184 copia
1174 2107 1206 2166 et
1226 2103 1394 2186 degenere

217 2210 338 2274 dicendi
362 2210 531 2292 diligenter
554 2209 740 2273 examinatis
765 2215 796 2273 et
821 2210 943 2274 collatis
968 2211 1167 2292 perspicuum
1194 2209 1261 2272 fore
1291 2210 1392 2287 credo,

217 2321 325 2380 notam
349 2316 443 2380 fuisse
466 2316 551 2380 illius
574 2317 734 2394 sermonis,
760 2341 852 2401 quem
876 2308 986 2402 κοινήν
1006 2339 1162 2394 vocamus,
1188 2316 1394 2380 variationem

220 2423 342 2488 dicendi
366 2427 397 2486 et
420 2423 554 2487 liberum
578 2423 755 2488 arbitrium.
795 2423 885 2499 Quod
910 2446 971 2486 non
996 2423 1125 2487 difficile
1149 2427 1195 2486 est
1218 2423 1394 2486 intellectu:

221 2530 390 2607 Classicae,
423 2552 503 2613 quae
535 2531 698 2609 dicuntur,
733 2530 874 2608 litterae,
909 2531 941 2594 in
974 2535 1042 2594 arto
1074 2530 1176 2612 spatio
1200 2534 1274 2592 sunt
1296 2534 1394 2593 ortae.

222 2638 392 2702 Alexandri
425 2638 622 2720 potissimum
657 2660 753 2721 opera
784 2661 888 2702 semen
918 2638 1108 2703 Graecorum
1141 2643 1173 2702 et
1205 2638 1333 2721 linguae
1365 2641 1396 2701 et

219 2744 340 2828 ingenii
363 2744 396 2806 in
413 2743 636 2808 diversissimas
651 2749 754 2810 terrae
770 2750 875 2828 partes
891 2745 1063 2827 dispersum
1079 2748 1135 2808 est.
1171 2743 1252 2818 Quid
1269 2744 1393 2823 mirum,

219 2852 245 2915 si
276 2851 418 2934 singulae
449 2852 576 2934 plantae
599 2853 633 2916 in
656 2852 760 2916 aliena
783 2857 868 2916 terra
891 2852 985 2935 paulo
1009 2852 1104 2915 aliam
1132 2875 1168 2914 ae
1192 2851 1395 2915 domesticam

214 2962 392 3042 sequantur
415 2961 582 3021 naturam?

755 3155 795 3219 A.
821 3155 862 3218 ll.

308 3297 368 3361 Sed
392 3297 469 3361 haec
494 3297 654 3360 mittamus
679 3302 710 3361 et
730 3297 862 3362 alteram
879 3319 1013 3380 magnae
1031 3297 1154 3381 Polybii
1171 3297 1395 3361 vocabulorum

220 3402 328 3486 copiae
351 3425 477 3467 causam
502 3427 697 3488 quaeramus.
731 3403 784 3468 Εα
801 3411 848 3469 est
865 3405 1002 3468 latitudo
1019 3406 1155 3468 dicendi.
1192 3404 1258 3468 Pol.
1278 3404 1394 3467 multus

221 3510 322 3574 estin
347 3511 543 3594 duplicandis
567 3512 736 3584 vocabulis,
768 3515 799 3576 id
824 3512 905 3596 quod
930 3504 964 3572 ‘dv
989 3503 1043 3572 drot
1068 3509 1156 3573 δυοῖν
1181 3512 1395 3574 nominamus:

219 3609 263 3691 ὠς
287 3611 420 3698 ἐχθροῖς
443 3609 520 3702 ἡμῖν
543 3612 712 3701 κέχρηνται
736 3617 791 3678 καὶ
816 3611 985 3696 πολεμίους
1012 3625 1062 3693 15,
1088 3625 1118 3694 8,
1145 3625 1201 3682 12:
1226 3613 1259 3679 ἐν
1283 3608 1395 3701 κόσμῳ

219 3718 275 3784 καί
305 3712 396 3800 τάξει
432 3732 458 3800 1,
485 3731 537 3802 21,
567 3731 626 3799 11,·
658 3714 905 3787 διακινδυνεύειν
938 3721 994 3786 καί
1026 3725 1197 3802 ναυμαχεῖν
1225 3731 1251 3798 1,
1278 3731 1329 3803 26,
1356 3732 1395 3801 2,·

219 3828 453 3893 συνεπλέκοντο
481 3827 538 3893 καί
569 3825 794 3912 διηγωνίζοντο
827 3839 853 3905 1,
880 3839 932 3907 28,
959 3839 995 3908 2,·
1025 3825 1200 3892 συνίστατο
1231 3823 1307 3913 ἔργα
1339 3829 1395 3894 καί

220 3932 411 4020 πολιορκίαν
439 3947 466 4015 1,
493 3946 545 4014 30,
572 3946 610 4016 5,·

309 4037 410 4132 ὁρμήν
433 4043 490 4108 καί
514 4041 706 4129 προθυμίαν
730 4045 933 4128 θαρροῦντες
960 4055 986 4120 1,
1013 4053 1066 4122 33,
1093 4055 1122 4112 5.

308 4143 488 4234 οἷναπείρας
520 4150 576 4216 καί
607 4152 744 4234 μελέτας
775 4153 880 4215 ποιῶν
908 4162 932 4232 l,
960 4160 1011 4233 59,
1041 4161 1100 4230 12,
1131 4147 1213 4232 ὑπὲρ
1245 4153 1395 4215 σπονδῶν

221 4254 276 4320 καί
301 4251 478 4322 διαλύσειεν
505 4269 532 4335 l,
559 4268 611 4339 62,
639 4269 668 4327 5.
720 4331 722 4335 f
