3176 4878
703 266 894 328 „9ss

299 461 433 525 Pluralis
458 462 552 525 etiarn
581 461 777 525 adnotandus
806 466 853 525 est
879 461 912 524 in
942 453 999 522 ἐπὶ
1027 453 1068 521 τά
1100 455 1189 534 δεξιά
1216 457 1296 544 μέρη
1319 459 1383 520 τιῖιν

210 563 374 645 πολεμίων
409 569 459 646 10,
489 569 541 644 39,
574 571 605 647 4,
638 569 691 633 ubi
726 568 819 632 simul
850 569 990 634 latitudo
1008 571 1130 634 dicendi
1163 571 1268 634 addito
1303 566 1383 654 μέρη

209 676 402 758 respicienda
426 680 485 746 est:
510 665 579 736 ἀπὸ
601 673 665 734 τῶν
688 670 801 748 δεξιῶν
829 677 876 750 11,
904 677 931 754 1,
958 677 987 738 6.

298 771 403 864 κεράω
435 783 518 866 quod
553 804 617 847 voc.
650 782 742 865 prim.
777 787 878 846 exstat
910 783 992 864 apud
1025 783 1159 846 Aratum
1194 783 1321 846 notione
1348 783 1383 846 τίι

209 908 323 956 coruus
352 889 489 969 formum
518 890 662 970 redlpere
695 889 777 971 apud
809 893 949 952 nostrum
973 889 1147 971 signifieat:
1179 889 1211 951 in
1236 889 1383 952 cornibus

208 1003 289 1062 stare
316 997 365 1067 18,
384 996 435 1073 24,
454 997 491 1072 9;
516 985 697 1075 περικεράω
721 989 812 1078 prim.
838 997 919 1078 apud
938 995 1023 1071 Pol.;
1048 1031 1092 1040 -
1115 989 1190 1069 τούς
1206 988 1381 1074 πολεμίους

212 1107 262 1184 11,
290 1105 319 1178 1,
344 1104 362 1166 5
388 1102 492 1166 hostes
515 1102 694 1178 circumire;
725 1103 808 1166 idem
831 1103 914 1166 velet
941 1105 991 1180 11,
1016 1105 1069 1175 23,
1094 1107 1113 1166 5
1141 1094 1333 1184 ὑπερκερᾶν,
1363 1126 1382 1166 a

209 1234 270 1296 quo
294 1210 525 1274 substantivum
556 1210 584 1288 1,
610 1211 662 1288 27,
688 1211 718 1288 5,
747 1211 796 1288 11,
823 1212 875 1296 23,
904 1211 923 1273 8
952 1202 1181 1292 offensionum,
1217 1212 1323 1288 verba,
1347 1215 1382 1274 ut

208 1342 264 1382 nos
288 1318 414 1402 quidem
438 1317 586 1400 colligere
609 1339 781 1399 possumus,
807 1341 825 1380 a
849 1317 981 1401 Polybio
1005 1322 1130 1381 novata.

296 1425 386 1501 Quod
409 1446 465 1488 uos
489 1424 619 1488 dicimus
638 1424 767 1504 ,,ἳςτσηῒ”
795 1425 877 1508 apud
894 1424 960 1487 Pol.
978 1425 1060 1488 idem
1078 1429 1177 1501 notat,
1200 1424 1282 1507 quod
1299 1425 1381 1507 apud

208 1535 338 1618 priores,
363 1529 528 1611 μέτωπον,
552 1519 741 1613 πρόσωπον.

296 1641 392 1706 Aliud
416 1639 604 1705 vocabulum
628 1644 673 1704 est
697 1630 818 1718 oropo:
853 1627 908 1714 οὓς
936 1636 972 1702 δὲ
995 1631 1080 1700 κατά
1104 1633 1141 1700 τό
1172 1631 1276 1718 στόμα
1301 1659 1381 1720 προ-

207 1738 349 1812 σεδόκων
373 1739 573 1834 ἀπαντήσειν
595 1747 615 1810 i.
641 1769 671 1830 q.
696 1739 780 1807 κοιτά
804 1739 842 1808 τὸ
868 1735 1047 1830 πρόσωπον
1072 1749 1101 1826 2,
1127 1749 1179 1825 27,
1205 1749 1238 1821 8;
1271 1735 1381 1826 ἐκβιά-

207 1851 325 1930 ζεσθαι
349 1847 432 1916 κατά
457 1846 495 1915 τὸ
511 1856 563 1932 31,
581 1855 633 1928 26,
654 1855 708 1931 10;
732 1854 814 1937 apud
838 1853 956 1936 priores
980 1853 1057 1918 haee
1081 1854 1127 1917 vis
1151 1853 1295 1918 vocabuli
1318 1875 1382 1918 non

205 1961 350 2038 occurrit,
376 1961 467 2043 prim.
490 1961 572 2043 apud
588 1959 685 2024 Xen.:
710 1955 909 2038 συμπέμψαι
925 1950 994 2020 ἀπὸ
1010 1959 1066 2021 τοῦ
1084 1948 1246 2036 στόματος
1263 1949 1381 2042 ἀνδρας

207 2066 270 2131 An.
295 2072 328 2153 3,
352 2069 382 2146 4,
408 2069 464 2140 42:
489 2067 574 2132 Hell.
599 2070 629 2146 4,
655 2070 684 2146 3,
710 2069 744 2143 4;

296 2167 498 2257 ἀντίπρωρος
521 2177 558 2239 de
582 2175 714 2238 navibus
741 2176 788 2258 (in
805 2175 926 2238 hostem
946 2174 1067 2257 versis),
1091 2197 1193 2258 saepe,
1214 2176 1282 2259 jam
1299 2174 1381 2256 apud

208 2282 336 2365 priores,
384 2283 579 2348 Pleonastiee
607 2283 726 2346 dietum
754 2284 835 2365 apud
859 2292 999 2346 nostrum
1032 2282 1066 2346 in
1094 2275 1179 2342 κατά
1202 2272 1381 2361 πρόσωπον

206 2382 429 2472 ἀντιπρώρους
451 2379 606 2465 τάξαντες
629 2382 688 2476 τάς
711 2389 788 2482 νοιῦς
816 2393 865 2468 16,
890 2391 921 2468 4,
948 2392 976 2468 7,
1002 2397 1072 2454 'cum
1097 2381 1180 2450 κοιτά
1201 2379 1380 2470 πρόσωπον

134 2582 135 2587 ¹
206 2503 237 2562 et
261 2488 389 2578 ἀντίπρ.
413 2499 497 2563 idem
519 2499 584 2562 fere
607 2498 743 2562 valeant.

296 2605 327 2669 A
351 2612 437 2688 uryo
469 2611 515 2669 est
543 2607 624 2688 apud
656 2605 828 2688 superiores
861 2609 891 2668 et
914 2603 1025 2688 Polyb.
1050 2597 1136 2664 κοντοὶ
1160 2594 1271 2676 νώτου,
1296 2596 1380 2664 κατά

205 2711 316 2790 νῶτον,
349 2702 502 2790 ὄπισθεν,
535 2701 685 2774 κατόπιν.
734 2711 833 2794 Saepe
865 2713 1043 2775 invenimus
1075 2711 1158 2794 apud
1193 2710 1258 2774 Pol.
1291 2701 1379 2792 οἰρά,

185 2819 289 2902 2qu0d
313 2818 407 2880 etiam
431 2817 510 2881 Xen.
536 2818 620 2882 haud
643 2841 715 2882 raro
739 2819 878 2882 adhibet.

295 2927 493 3005 προσπεσεῖν
516 2925 589 2987 κατ’
613 2917 710 3007 οάράν
733 2927 803 3000 τοῖς
827 2919 996 3003 πολεμίους
1023 2926 1072 3002 11,
1095 2927 1121 3000 l,
1142 2927 1191 2987 lu.
1232 2927 1261 3000 2,
1280 2925 1331 3002 67,
1349 2925 1379 2986 2.

206 3022 266 3092 ἀπ’
290 3023 385 3111 οὐρᾶς
412 3035 440 3112 1,
466 3034 517 3112 77,
544 3036 572 3098 7.

429 3227 477 3292 De
500 3228 670 3306 vocabulis,
695 3251 774 3311 quae
798 3230 835 3292 ad
860 3236 967 3294 austra
992 3229 1158 3311 pertinent.

295 3371 390 3454 Apud
406 3375 524 3436 veteres
541 3393 597 3454 pro
613 3373 722 3436 eastris
740 3363 961 3453 στρατόπεδον
982 3373 1140 3448 babemus,v
1166 3372 1259 3435 etiam
1276 3373 1381 3434 noster

206 3479 394 3543 vocabulum
420 3479 542 3562 saepius
573 3479 631 3543 hae
663 3480 790 3543 notione
818 3485 957 3562 usurpat.
1005 3481 1089 3555 Quae
1122 3502 1181 3542 vox
1213 3477 1378 3560 aPolybii

206 3590 307 3650 aetate
330 3586 363 3649 in
388 3585 545 3649 euerritur
569 3584 617 3648 vel
642 3585 774 3667 leplonis
796 3585 957 3650 Romanae
985 3587 1245 3669 significationem
1277 3590 1379 3648 trans-

205 3694 320 3768 fertur3
354 3692 560 3775 quamobrem
592 3715 610 3756 a
644 3692 710 3756 Pol.
744 3693 806 3756 alia
837 3692 989 3756 voeabula
1024 3692 1309 3769 substituebantur,
1345 3697 1380 3755 ut

205 3788 396 3885 παρεμβολή
419 3799 596 3882 saepissime
619 3801 703 3883 'apud
730 3799 810 3876 Pol.;
836 3800 1023 3864 vocabulum
1047 3824 1063 3864 e
1085 3799 1288 3864 Macedonica
1312 3801 1379 3864 dia-

206 3907 286 3971 leoto
310 3910 471 3988 sumptum
494 3929 558 3970 esse
582 3907 714 3970 videtur.

293 4012 382 4088 Quod
406 4026 547 4077 sermone
571 4015 701 4077 militari
725 4015 758 4078 in
775 4037 862 4077 usum
881 4013 1000 4078 venisse
1022 4015 1124 4098 prima
1140 4015 1221 4097 apud
1239 4015 1379 4079 Aeneam

206 4124 277 4184 teet.
302 4121 436 4204 vestigia
459 4125 621 4203 apparent,
647 4122 729 4204 apud
753 4143 846 4204 quem
872 4120 1058 4185 vocabulum
1079 4123 1238 4206 significat
1253 4122 1378 4187 ordina·

206 4227 324 4292 tionem
362 4227 449 4293 aciei.
496 4228 591 4310 Apud
619 4227 697 4292 Pol:
715 4229 761 4291 vis
789 4227 876 4292 verbi
908 4233 1110 4309 promovetur
1144 4229 1183 4292 ad
1216 4229 1315 4294 aciem
1347 4233 1379 4292 et
