3176 4878
691 267 910 333 ..35-

207 485 305 548 genus
328 464 461 542 oriatur;
496 469 527 530 01
549 465 689 548 profecto
720 465 811 530 initio
840 487 953 549 operae
976 487 1065 529 meae
1089 484 1180 547 saepe
1202 461 1383 548 Anglorum

208 571 336 656 linguae
360 573 574 650 memineram,
605 572 639 634 in
663 595 726 656 qua
748 595 847 636 unum
871 572 1060 638 vocabulum
1083 571 1211 636 diversis
1234 576 1265 635 et
1288 571 1383 634 variis

211 683 258 742 est
286 679 583 762 significationibus
614 679 674 742 nisi
706 659 788 763 quod
821 680 903 762 apud
927 679 1049 762 Anglos
1073 679 1149 742 baec
1178 678 1259 742 ratio
1284 675 1383 740 multo

209 787 304 850 latius
336 789 437 869 patet,
470 787 546 851 adeo
577 790 613 849 ut
635 809 734 849 unum
756 787 902 868 idemque
925 785 1113 850 vocabulum
1135 785 1229 848 simul
1253 788 1285 848 et
1308 783 1383 846 sub-

209 894 381 958 stantivum
406 898 436 957 ct
460 893 650 977 adjectivum
675 897 706 958 et
729 894 860 958 verbum
884 916 949 957 esse
973 893 1079 976 possit.

304 1009 365 1074 Sed
393 1010 472 1074 baec
500 1010 668 1073 hactenus!
708 1009 756 1072 Ex
780 1009 834 1086 eis,
859 1032 939 1093 quae
962 1009 1066 1073 adhuc
1089 1007 1192 1082 attuli,
1217 1006 1384 1091 Polybium

207 1117 240 1179 in
264 1116 435 1190 vocabulis,
460 1115 681 1199 locutidnibrrS,
705 1115 825 1186 formis,
849 1116 1052 1198 temporibus,
1078 1115 1177 1178 modis
1193 1118 1252 1178 etc.
1269 1113 1384 1196 passim
1417 1099 1420 1102 ¹

208 1246 263 1306 per
296 1245 403 1288 omnes
433 1201 541 1286 librosl
560 1222 739 1304 saepissime
770 1222 977 1286 variationem
1012 1243 1175 1304 usurpasse
1211 1219 1385 1284 luculenter

209 1334 347 1413 apparet.
385 1329 472 1404 Quae
496 1329 628 1392 mutatio
651 1334 717 1392 tam
741 1327 909 1393 manifesta
932 1351 996 1394 esse
1012 1328 1090 1398 mihi
1109 1327 1240 1399 videtur,
1264 1331 1300 1389 ut
1315 1349 1385 1390 eam

210 1439 249 1501 ad
281 1438 399 1502 formas
431 1438 570 1522 ejusdem
602 1438 761 1516 vocabuli,
793 1439 833 1501 ad
864 1438 999 1502 formam
1030 1437 1187 1502 scribendi
1215 1435 1385 1499 transferre

209 1545 314 1623 velim,
339 1549 449 1610 contra
465 1544 615 1609 Kaelkeri
639 1545 838 1610 sententiani.
878 1544 939 1620 oui
962 1545 1011 1608 vir
1034 1545 1142 1607 doctus
1165 1565 1286 1625 semper
1308 1540 1384 1605 scri-

211 1653 346 1717 bendum
373 1673 436 1715 esse
461 1655 578 1714 censet:
603 1636 704 1726 αὖτις
727 1652 803 1731 (11011
826 1637 960 1732 αὖθις),
986 1643 1069 1724 αἰεί,
1095 1641 1226 1724 οὐθείς,
1250 1641 1385 1734 μηθείςς

210 1781 268 1844 ego
294 1757 459 1842 Polybium
493 1757 549 1820 has
572 1757 696 1822 forinas
713 1780 784 1822 curn
808 1745 918 1834 αὖθις,
948 1749 1008 1833 dei,
1035 1749 1149 1832 οὐδείς,
1175 1749 1297 1840 μηδείς,
1327 1755 1385 1835 rni-

210 1869 324 1931 scuisse
354 1866 540 1929 existimem.
587 1863 714 1928 Codices
745 1867 898 1947 praebent
924 1867 1145 1941 variationem,
1177 1863 1243 1926 Pol.
1269 1862 1386 1926 multus

211 1979 257 2038 est
280 1974 313 2036 in
337 1972 521 2036 variatione.
560 1971 634 2035 Jarn
657 1972 682 2034 si
708 1995 815 2036 verum
839 1975 941 2036 estin
965 1971 1221 2054 inscriptionibus
1246 1965 1387 2052 ejusdem

211 2082 321 2146 aetatis
345 2069 468 2153 οὐθείς
491 2080 636 2158 1111011111,
670 2102 732 2142 non
757 2079 859 2142 minus
883 2102 991 2144 verum
1016 2083 1061 2142 est
1085 2075 1208 2160 Polybii
1234 2079 1265 2138 et
1287 2060 1385 2140 vitam

210 2189 242 2252 in
267 2189 334 2270 ipsa
356 2186 561 2250 fluctuatione
585 2190 615 2249 01
639 2187 812 2249 mutatione
835 2185 963 2269 linguae
981 2185 1119 2249 Graecae
1144 2186 1297 2246 versatam
1322 2205 1386 2246 esse

212 2299 243 2358 et
265 2294 429 2377 ingenium
455 2292 550 2376 hujus
573 2293 756 2357 variationis
780 2291 1041 2355 studiosissimum
1065 2289 1169 2352 fuisse.

301 2411 405 2494 Atque
427 2409 471 2473 sic
494 2409 553 2473 1100
577 2409 690 2472 vitium
713 2409 850 2473 librariis
873 2407 1076 2471 tribuendum
1091 2410 1179 2482 esset,
1204 2405 1296 2488 plura
1311 2427 1386 2469 sane

210 2517 350 2596 fuissent,
376 2539 456 2600 quae
478 2516 511 2578 in
526 2529 632 2580 'unam
655 2518 847 2601 eandemque
870 2516 1003 2578 formam
1028 2514 1110 2596 apud
1127 2512 1194 2576 Pol.
1217 2512 1386 2595 redigenda

211 2628 311 2686 erant.
357 2623 519 2687 Habemus
543 2614 677 2703 μαστός
709 2628 739 2688 01
762 2614 915 2704 pacate.
945 2625 975 2695 3,
1002 2623 1054 2698 72,
1084 2621 1104 2683 4
1133 2620 1252 2684 codices
1275 2619 1386 2700 optimi

211 2732 382 2812 praebent:
419 2725 479 2802 ἕως
514 2730 577 2791 τῶν
600 2729 767 2810 paularim
803 2731 841 2805 2,
873 2732 930 2806 65,
968 2731 985 2792 7
1011 2750 1117 2792 omnes
1141 2727 1207 2790 cod.
1236 2726 1387 2808 praebent

212 2835 371 2914 μαστῶν;
406 2837 482 2901 110111
509 2841 536 2915 1,
559 2825 615 2915 56,
641 2839 677 2908 6;
712 2841 821 2901 contra
848 2838 897 2912 15,
923 2837 975 2913 31,
1008 2836 1047 2898 13
1075 2833 1204 2916 plurimi
1236 2833 1387 2896 exhibent

212 2931 366 3021 μασθός.
414 2941 573 3007 Librarios
596 2966 704 3026 porro,
738 2943 796 3006 nisi
822 2947 940 3006 veteres
957 2942 1081 3006 'formas
1105 2945 1178 3004 ante
1201 2939 1306 3004 oculos
1329 2939 1387 3002 ba-

215 3050 364 3128 buisscnt,
389 3050 534 3114 omnibus
558 3050 632 3114 locis
656 3052 843 3116 recentiores
867 3051 1021 3132 posituros
1045 3049 1139 3112 fuisse
1164 3047 1316 3110 existimo.

304 3156 467 3220 Nonnulla
500 3157 611 3222 deinde
642 3158 733 3222 affert
756 3157 941 3235 Kaelkerus‚
975 3177 1055 3239 quae
1079 3153 1202 3238 Polybii
1233 3176 1296 3217 esse
1324 3175 1386 3217 non

217 3286 307 3348 posse
332 3265 506 3328 contendit:
538 3265 696 3348 genitivus
720 3261 808 3324 110οῖ1
832 3263 951 3328 duobus
973 3263 1058 3340 locis,
1084 3261 1161 3325 alias
1178 3259 1279 3336 δυεῖν;
1304 3262 1388 3341 θαρ-

215 3373 281 3434 σεῖν
305 3395 368 3434 nno
386 3371 465 3449 loco,
489 3371 566 3434 alias
582 3371 731 3453 θαρρεῖνε
756 3392 818 3433 11110
834 3369 902 3433 1000
919 3369 991 3445 oiim
1016 3369 1093 3434 alias
1108 3352 1161 3443 ῧς;
1185 3389 1264 3451 quae
1282 3367 1388 3430 omnia

216 3480 254 3542 ad
286 3478 428 3543 variandi
463 3478 600 3541 studium
631 3499 781 3542 revocem.
842 3475 930 3551 Quod
968 3477 1027 3540 hae
1066 3476 1185 3540 formae
1224 3496 1296 3536 raro
1339 3472 1389 3536 vel

215 3586 312 3650 semel
336 3585 550 3662 inveniuntur,
584 3584 665 3666 apud
690 3588 830 3646 nostrum
855 3587 902 3645 101
926 3574 1019 3658 ἅπαξ
1040 3577 1199 3665 εἰρημένα,
1232 3602 1311 3663 qnae
1334 3602 1388 3642 vo-

216 3696 336 3769 cantur,
362 3694 539 3768 occurrunt,
564 3695 641 3773 quot
667 3690 748 3752 baud
765 3689 857 3752 facile
873 3691 954 3771 apud
972 3690 1069 3754 alium
1085 3689 1268 3770 scriptorem
1286 3687 1389 3751 locum

215 3798 343 3863 habent.
383 3799 432 3863 lta
455 3820 517 3862 uon
542 3797 682 3861 offendor
704 3797 738 3860 in
754 3797 874 3860 diverso
890 3797 1029 3879 genitivo
1046 3787 1238 3879 Ἀδρίου-
1255 3784 1387 3876 Ἀδρία,

216 3927 278 3968 non
302 3905 335 3968 in
360 3905 455 3969 variis
478 3905 586 3969 formis
608 3901 751 3983 βασιλεῖς
773 3940 806 3948 -
825 3899 980 3981 βασιλέας
1001 3905 1032 3966 in
1051 3901 1227 3967 accusativo
1246 3902 1389 3983 pluralia,

216 4009 293 4085 ναῦς
320 4047 358 4055 -·-
383 4010 473 4095 νῆας,

306 4117 421 4193 Quodsi
445 4118 619 4182 Kaellrerus
643 4119 756 4183 mirum
782 4141 845 4182 esse
875 4117 1039 4194 existimet,
1067 4118 1149 4201 quod
1174 4117 1333 4201 Polybiua
1365 4117 1390 4179 si

217 4227 293 4290 haec
317 4226 448 4289 variatio
473 4228 600 4308 propria
624 4231 670 4290 est
693 4226 837 4290 dictionis
861 4225 935 4306 ejus,
960 4247 1023 4287 uon
1047 4225 1091 4288 ita
1108 4225 1217 4302 variet,
1241 4229 1276 4286 111
1291 4223 1390 4291 altera
