3176 4878
675 250 803 312 ..51
846 259 891 296 ⁴-

286 436 316 504 oi
339 434 615 522 ἀποστελλόμενοι
639 473 680 498 =
706 439 860 526 πρέσβεις
886 451 935 511 14,
960 451 1062 524 1,13;
1091 482 1125 492 -
1154 441 1370 532 διατετριφώς

196 545 229 612 ἐν
252 541 424 635 ἡγεμονικῇ
448 545 634 635 προστασίᾳ
657 587 701 596 -
725 543 755 612 oi
777 541 957 638 ἡγούμενοι.

285 673 543 754 Ακιμίίχίεαιίσνιε
573 681 602 738 et
634 675 854 755 compositione
876 697 972 738 novas
996 676 1138 742 notiones
1162 682 1193 740 et
1216 678 1369 742 vocabula

196 781 370 866 aPolybio
403 781 533 845 formari
558 784 626 866 jam
657 804 752 865 supra
783 776 858 846 dixi.
905 783 1012 846 Etiam
1042 783 1142 846 multa
1174 785 1327 848 vocabula
1351 809 1369 848 a

196 888 328 973 Polybio
352 889 488 952 formata
512 889 708 964 rationalem,
743 892 779 952 ut
802 889 846 952 ita
870 889 983 966 dicam,
1012 890 1172 955 notionem
1196 891 1315 956 habent
1339 898 1370 956 et

195 996 308 1080 logica,
342 1019 436 1079 quani
462 996 602 1074 dicimus,
630 995 860 1078 compositione
884 1017 920 1058 ea
944 996 1133 1078 exprimunt,
1166 1019 1246 1079 quae
1269 997 1368 1080 signi-

194 1104 300 1180 ficant,
333 1103 419 1166 velut
452 1095 690 1186 περικεφαλαία
720 1103 751 1164 id
784 1103 928 1178 denotat,
960 1102 1043 1183 quod
1073 1102 1156 1165 circa
1188 1107 1282 1184 caput
1313 1107 1368 1178 est,

193 1197 328 1292 poleam.

284 1324 506 1417 καρδιοφύλαξ
527 1363 568 1388 --
593 1323 720 1415 θώραξ;
754 1323 918 1416 εὐκίνητος
944 1329 1021 1396 leiis
1044 1337 1222 1396 armaturae
1248 1369 1286 1378 —-
1312 1332 1369 1412 με’-

194 1462 300 1524 τρημα
317 1469 358 1492 =
374 1433 498 1518 μισθός
514 1441 590 1517 „das
606 1441 853 1524 Zugemessene“
870 1475 913 1483 -
930 1429 1111 1518 παράταξις
1128 1467 1170 1493 =
1186 1461 1308 1524 pugna;
1327 1477 1367 1486 —-

194 1538 557 1632 rippiocopocssuplem
583 1583 624 1592 —
649 1540 866 1626 προκαθίζειν
884 1546 1062 1622 defendere3
1089 1582 1129 1590 -
1155 1541 1368 1636 κοινοπραγία

196 1656 391 1718 :societas
416 1653 603 1734 (communis
627 1653 732 1734 actio).

286 1779 457 1844 Generalio
487 1780 582 1843 verbo
610 1779 710 1842 multa
742 1779 905 1862 usurpavit
936 1779 1085 1863 Polybius
1114 1779 1147 1842 in
1177 1780 1368 1856 universum,

194 1908 257 1950 non
281 1887 406 1969 proprie
430 1886 569 1950 dicendo.
609 1886 676 1962 Quo
701 1910 738 1950 ex
762 1887 849 1951 fonte
872 1909 964 1970 saepe
988 1887 1093 1950 hausit
1116 1887 1249 1969 scriptor
1264 1893 1369 1952 noster

193 1994 248 2070 ita,
282 1998 317 2056 ut
344 2016 509 2057 commune
537 1993 724 2058 vocabulum
753 1997 808 2056 aut
838 1995 966 2058 omnino
994 1994 1028 2056 in
1054 1994 1220 2076 specialem
1244 2017 1367 2059 sensnm

193 2097 373 2162 deflecteret
404 2102 459 2162 aut
483 2102 630 2162 contextu
656 2121 761 2162 rerum
785 2103 816 2162 et
836 2085 1006 2162 ¹verborum
1028 2098 1062 2160 in
1085 2120 1156 2162 eum
1180 2101 1366 2164 traduceret.

286 2211 426 2304 ὠφέλεια
450 2221 566 2304 praeda
584 2257 624 2264 —
642 2209 828 2294 ἐλάττωσις,
853 2212 1036 2303 ἐλοίττοιμα,
1061 2211 1263 2302 οίπόπτωμα,
1289 2243 1367 2302 σομ-

194 2349 317 2406 πτωμα
342 2355 383 2380 =
408 2327 524 2403 clades3
549 2327 625 2391 item
646 2318 805 2410 συμφορά,
830 2316 988 2411 ἀτύχημα.
1017 2365 1053 2373 -
1079 2318 1292 2408 κατόρθωμα,
1318 2321 1368 2392 eii-

193 2422 332 2518 τύχημα,
365 2432 567 2517 προτέρημα,
601 2424 797 2518 εὐρμὲρημα,
830 2429 980 2518 εὐημερία
1009 2435 1138 2499 victoria
1163 2473 1203 2480 -
1228 2426 1369 2522 ἀλήθεια

194 2541 351 2604 interdum
383 2541 479 2604 habet
510 2563 635 2606 sensum
665 2545 739 2606 ocri·
763 2541 837 2606 belli
859 2577 903 2586 —
925 2535 1014 2620 χρεία
1046 2563 1155 2626 pugna
1183 2580 1224 2588 —-
1253 2539 1368 2622 πρᾶξις

194 2669 317 2731 pugna,
349 2648 502 2731 proelium
529 2683 566 2693 -
593 2640 633 2708 τοί
663 2637 794 2733 πλήθη,
824 2640 854 2709 oi
885 2642 1013 2721 πολλοί,
1043 2641 1074 2710 oi
1100 2638 1188 2727 ’σ’χλοι
1210 2672 1301 2732 saepe
1325 2679 1390 2716 =,
1424 2725 1426 2736 ,

195 2755 323 2832 milites3
354 2748 493 2828 πταίειν,
524 2747 734 2838 σφάλλεσθαι
757 2756 840 2819 vinci
863 2791 906 2801 -
930 2747 1133 2840 ὠφελεῖσθαι
1156 2757 1301 2838 praedari
1324 2792 1368 2802 -

284 2875 402 2960 πρᾶξις
436 2901 526 2964 saepe
556 2875 714 2960 μνοιίιλιο,
752 2870 907 2960 προίττειν
938 2881 1068 2963 prodere
1097 2918 1141 2926 -
1167 2875 1368 2962 προσδοκίας

194 2975 292 3069 οὔσης
322 2981 407 3046 κατα
435 2977 494 3071 τήν
526 2977 678 3068 οὐραγίαν
710 2987 735 3050 si
764 2987 966 3049 novissimum
995 3008 1110 3070 agmen
1135 2992 1277 3070 expectat
1300 2988 1366 3052 scil.

194 3093 347 3172 impetum
372 3094 402 3167 6,
427 3093 479 3171 40,
506 3094 584 3169 8-;
618 3095 648 3171 5,
674 3095 726 3171 62,
752 3095 770 3156 6
796 3092 948 3157 habemus
975 3084 1087 3168 πόλεις
1114 3087 1254 3179 ἐλαφραί
1275 3095 1368 3158 urbes
1416 3166 1420 3172 ,

190 3199 327 3280 poclum
358 3200 518 3275 defensae·
548 3237 585 3244 —
612 3189 887 3281 ἐπιπορεύεσθαι,
923 3195 1115 3281 ἐπιτρέχειν,
1150 3197 1366 3287 κατατρέχειν,

195 3299 325 3366 ἐπιέναι
348 3305 445 3382 obire,
469 3305 535 3368 scil.
560 3306 732 3389 praedandi
756 3328 859 3384 causa,
883 3329 974 3389 saepe
997 3327 1055 3387 pro
1078 3313 1213 3372 castore.

282 3418 430 3507 σώματα,
455 3419 567 3511 ἄνδρες
581 3452 673 3512 saepe
688 3453 745 3514 pro
762 3429 902 3515 captivis.
935 3423 1146 3514 διαλύτρωσις
1161 3431 1225 3493 τῶν
1241 3423 1365 3515 ἀνδρῶν

194 3537 368 3619 redemptio
391 3536 588 3618 captivorum
612 3539 642 3613 6,
668 3538 720 3615 58,
749 3539 799 3600 ll.

284 3662 327 3726 Hi
350 3666 432 3739 sunt,
457 3667 492 3725 ut
515 3685 571 3726 nos
594 3662 720 3746 quidem
744 3685 851 3728 eruere
873 3685 1045 3746 possumus,
1074 3655 1226 3746 potissimi
1254 3665 1366 3742 fontes,
1395 3704 1399 3712 ·

193 3795 232 3836 er
256 3772 369 3852 quibus
386 3770 452 3833 Pol.
478 3769 631 3834 vocabula
654 3792 710 3832 sua
732 3769 911 3852 desumpsit.
948 3769 1008 3834 Sed
1031 3769 1132 3832 multa
1156 3791 1194 3833 ex
1217 3769 1266 3834 his
1289 3793 1367 3854 pau-

194 3879 285 3942 latim
307 3877 340 3939 in
363 3898 539 3940 sermonem
562 3880 688 3958 recepta
712 3899 775 3940 esse
799 3897 900 3958 pauca
922 3875 1056 3960 vestigia
1072 3880 1204 3940 exstant.
1241 3875 1367 3941 Inveni·

194 4007 263 4048 mus
295 3984 379 4047 enim
411 3983 563 4047 nonnulla
595 3984 760 4060 vocabula,
796 4005 876 4066 quae
911 3983 999 4066 quasi
1028 3983 1111 4066 apud
1143 3983 1209 4047 Pol.
1241 3984 1364 4048 demum

188 4097 380 4172 ¹nascuntur,
411 4113 503 4174 saepe
527 4091 679 4172 ampliore
703 4091 839 4174 quadam
862 4090 1138 4155 circumlocutione
1162 4091 1311 4175 explicari
1336 4098 1367 4155 et

188 4187 308 4261 ¹animis
332 4199 445 4261 nostris
469 4198 603 4263 dilucide
626 4199 769 4280 proponi.
