3176 4878
739 406 956 467 ,22-

309 664 311 669 ,
349 589 394 674 ὥς
418 597 542 661 θᾶττον
566 594 720 682 ἐσομένης
742 598 801 684 τῆς
825 586 988 660 ἐπανόδου
1013 591 1095 680 πρὸς
1111 589 1187 672 τους
1203 589 1437 682 ὀψωνιασμούς

260 706 298 769 ed
321 706 511 788 stipendium
534 707 792 783 distribuendum,
817 706 908 788 prim.
934 705 1018 788 apud
1041 705 1109 768 Pol.

350 801 546 894 ὄψωνιοίζειν
569 801 642 873 τινοί
664 812 856 893 stipendium
879 811 971 875 alicui
996 812 1124 890 solvere,
1150 811 1242 893 prim.
1266 813 1348 894 apud
1368 811 1435 876 Pol.

261 908 510 1004 ὄψωνιάζεσθαι
533 907 599 979 dmi
622 938 708 993 τινος
732 919 921 1002 stipendium
945 920 985 982 ab
1002 919 1108 1001 aliquo
1125 919 1265 1001 accipere
1283 921 1336 997 23,
1354 921 1386 996 8,
1404 921 1434 983 4.
1526 956 1532 972 ·

353 1043 480 1107 Milites
503 1045 712 1108 mercennarii
734 1048 808 1107 suut
831 1045 914 1126 apud
940 1047 1074 1107 veteres:
1103 1038 1196 1117 ξένοι,
1221 1033 1436 1127 μισθοφόροι,

261 1140 399 1226 ξενικόν,
422 1150 505 1234 apud
528 1154 669 1213 nostrum
685 1152 781 1214 etiam
797 1146 975 1234 ξενοφόροι,
1000 1145 1313 1234 μισθοδοτηθέντες,
1330 1144 1437 1225 ἐξενο-

260 1253 446 1341 λογημὲνοι,
478 1246 602 1332 ξενικά;
639 1257 734 1320 etiam
762 1247 955 1337 ξενολόγιον;
992 1248 1224 1343 συστήσασθαι
1258 1247 1438 1339 ξενολόχιον

183 1384 190 1390 ·
260 1349 369 1443 χιλίων
398 1355 531 1446 ἀνδρῶν.
558 1401 598 1410 -
623 1353 817 1448 συνήθροιζε
849 1353 1026 1445 ξενολόχιου
1049 1359 1207 1446 ἐμβριθές
1232 1371 1284 1440 31,
1318 1370 1369 1440 26,
1404 1374 1438 1446 13

262 1464 482 1534 συνίστασθαι
505 1462 630 1555 ξενικὴν
653 1472 742 1552 χεῖρα
767 1477 819 1544 31,
847 1476 898 1545 26,
928 1477 963 1546 1;

342 1684 391 1748 De
414 1683 583 1762 vocabulis,
608 1706 688 1766 quae
710 1683 892 1767 significum
914 1684 1016 1748 locum
1038 1684 1206 1762 inunitam,
1231 1685 1365 1749 munire.

351 1826 455 1891 Locus
485 1827 637 1903 munitus,
670 1826 824 1905 oppidum
854 1829 901 1889 est
928 1826 1096 1903 veteribus,
1128 1817 1292 1909 φρουρίου,
1324 1817 1436 1907 ἔρυμα,
1552 1898 1553 1920 ¹

263 1935 375 2012 τεῖχος,
400 1927 563 2012 τείχισμα;
589 1926 740 2016 φρουρίου
763 1937 794 1996 et
817 1925 917 2013 ἔρυμα
941 1932 1036 1996 etiam
1056 1931 1123 1996 Pol.
1149 1933 1253 2008 habet,
1278 1932 1381 2009 τεῖχος
1406 1937 1438 1997 et
1553 1962 1554 1978 ι

262 2032 411 2118 τείχισμα
443 2039 570 2103 notione
600 2039 706 2121 oppidi
730 2060 793 2102 non
817 2042 994 2104 occurrunt.
1042 2027 1192 2120 ὀχίρωμα
1218 2039 1291 2103 inde
1314 2062 1333 2102 a
1355 2038 1436 2104 Xen.

262 2170 369 2229 saepe;
401 2148 477 2210 item
504 2139 619 2228 χωρίον
647 2145 705 2209 hae
730 2147 856 2210 notione
880 2148 911 2224 2,
935 2147 988 2224 54,
1012 2147 1049 2221 3;
1074 2146 1104 2222 4,
1129 2146 1181 2223 61,
1208 2148 1242 2224 7;
1272 2147 1302 2224 4,
1328 2148 1380 2224 75,
1405 2149 1435 2210 2.

262 2247 377 2335 χωρίον
400 2257 431 2318 ei
453 2254 572 2316 nudum
595 2253 753 2337 significat
776 2252 935 2336 oppidum,
960 2257 991 2316 ei
1007 2253 1208 2334 conjunctum
1225 2276 1296 2317 eum
1313 2242 1434 2335 ὀχυρόν,

264 2348 425 2442 καρτερόν,
460 2350 602 2442 ἐρυμνόν.
651 2357 711 2423 sed
743 2352 857 2441 χωρίον
881 2359 949 2441 jam
980 2359 1061 2440 apud
1086 2358 1186 2423 Thuc.
1218 2361 1279 2425 hac
1310 2360 1437 2424 notione

264 2472 374 2547 exstat,
400 2467 522 2532 etiamsi
546 2467 645 2531 multo
669 2461 770 2529 rarius
793 2466 981 2530 invenimus,

351 2593 475 2656 munire
498 2591 581 2674 apud
606 2594 722 2654 veteres
747 2595 794 2654 est
816 2585 971 2668 τειχίζειν,
997 2593 1080 2675 quod
1105 2615 1176 2656 raro
1196 2594 1278 2674 apud
1295 2596 1438 2655 nostrum

262 2700 406 2784 legimus.
447 2697 571 2762 Usitata
594 2697 747 2762 voeabula
770 2702 843 2760 sunt
866 2689 1007 2779 ὀχυροῦν,
1034 2689 1243 2780 ὀχυροῦσθαι,
1268 2722 1348 2782 quae
1369 2701 1439 2783 jam

263 2808 345 2890 apud
368 2805 448 2870 Xeu.
474 2805 635 2868 habemus.
666 2794 940 2886 ὀχυροιτυιεῖσθαι
964 2805 1037 2870 iude
1060 2829 1078 2869 υ
1102 2805 1169 2869 Pol.

352 2922 462 3012 ὀχυρός
490 2932 611 3006 firmus,
644 2930 764 2994 validus
792 2930 830 2994 de
853 2929 943 3006 loeis3
978 2931 1163 2996 vocabulum
1189 2931 1359 3013 poeticum,
1388 2953 1439 2995 re-

263 3040 346 3122 cepit
369 3039 460 3117 Xen,
484 3035 553 3102 Pol.
578 3037 677 3102 multo
700 3036 825 3121 saepius
849 3037 1008 3102 adhibuit.

212 3136 215 3142 ’
352 3135 513 3228 ὀχυρότης,
528 3145 619 3226 prim.
634 3145 716 3228 apud
733 3148 883 3223 nostrum,
901 3146 933 3208 in
949 3144 1099 3229 singulari
1119 3147 1150 3208 ei
1165 3143 1280 3226 plurali
1296 3167 1439 3209 numeru.

267 3360 314 3424 De
339 3358 511 3455 voeabulis,
545 3382 625 3443 quae
648 3358 838 3442 significant,
868 3359 949 3440 quod
974 3379 1030 3422 nos
1058 3357 1188 3421 dicimus
1217 3357 1321 3435 ,Feld,
1346 3358 1442 3422 Feld-

631 3467 741 3541 diensl,
766 3465 816 3528 ins
840 3464 915 3529 Feld
940 3464 1080 3529 ziehen“.

355 3609 448 3692 Apud
472 3610 645 3692 superiores
669 3609 820 3673 habemus
844 3607 995 3671 formulas
1019 3629 1090 3671 cum
1114 3600 1266 3692 στρατεία
1290 3613 1322 3671 et
1341 3626 1439 3688 στρα-

264 3704 430 3780 τεύεσθαι.
470 3715 546 3779 Inde
570 3713 672 3777 aPol.
697 3716 875 3796 saepissime
899 3714 1034 3778 occurrii
1057 3705 1250 3795 ὕπαιθρα,
1277 3737 1356 3797 quae
1380 3715 1440 3779 sub

264 3822 335 3886 divo
365 3826 455 3894 suut,
489 3825 598 3905 eperia
626 3819 695 3884 loca
725 3821 858 3903 (oppidis
889 3820 1055 3903 opposita).
1104 3810 1353 3883 α’ντιιτοιεῖσθαι
1376 3819 1443 3882 τῶν

264 3921 439 4009 ὑπαίθριον
471 3932 580 4010 aperta
610 3928 679 3992 loce
711 3931 817 4011 petere
853 3927 926 3991 belli
962 3927 1092 4010 gerendi
1129 3949 1221 3991 eausa
1255 3928 1282 4001 1,
1318 3929 1367 4000 12,
1400 3928 1441 4004 43

268 4036 295 4115 1,
323 4037 373 4114 15,
398 4036 432 4111 43
462 4037 489 4113 1,
508 4038 560 4114 30,
579 4037 612 4112 6;
638 4037 667 4114 4,
694 4037 723 4108 8,
749 4035 777 4098 5.
799 4073 836 4080 —
855 4035 1014 4121 κρατῆσαι
1037 4033 1102 4093 τῶν
1125 4024 1300 4116 ὑπαίθρων
1325 4035 1443 4117 eperiis

265 4143 341 4207 locis
364 4142 470 4225 potiri,
498 4143 526 4220 1,
551 4144 603 4221 40,
630 4145 663 4218 63
691 4144 719 4221 1,
744 4144 796 4216 55,
824 4145 862 4220 23
888 4145 918 4219 3,
944 4143 996 4220 79,
1022 4143 1052 4204 2.

354 4238 438 4329 μετοὶ
469 4246 533 4307 τῶν
565 4239 729 4324 δυνάμεων
760 4242 817 4308 ἐπὶ
844 4241 904 4322 τας
928 4238 1062 4328 πράξεις
1086 4242 1203 4321 ἐξιέναι
1231 4247 1331 4312 dicere
1354 4248 1440 4310 vult:

267 4378 338 4421 cum
362 4353 501 4422 exercitu
524 4354 568 4418 ud
591 4353 705 4417 bellum
727 4352 896 4434 proficisci,
928 4354 1011 4436 quod
1034 4375 1090 4416 nos
1114 4351 1245 4416 dicimus
1274 4354 1339 4432 ,ins
1363 4351 1441 4417 Feld
