3176 4878
702 253 920 316 „43-

224 447 412 530 optimorum
445 448 582 513 nationis
612 471 686 514 suae
716 452 880 533 poetarum
916 472 1010 532 opera
1045 449 1213 535 diligenter
1243 449 1399 515 lectitasse

223 560 309 636 pute,
339 560 406 619 tum
439 560 506 620 erat
535 556 779 620 adolescentium
810 557 964 622 nobilium
993 563 1176 641 praeceptor
1199 563 1324 622 etcum
1349 560 1398 623 his

222 665 255 727 in
279 665 378 748 poetis
402 664 593 731 Graecorum
622 666 760 749 legendis
791 667 927 730 maxime
943 689 1023 730 ,eum
1045 671 1204 731 versatum
1228 689 1292 731 esse
1316 668 1397 732 veri·

221 771 323 836 simile
346 778 399 836 est
439 772 512 837 Non
537 774 635 856 igitur
659 774 774 836 mirum
797 775 822 837 si
847 774 930 857 apud
947 772 1114 857 Polybium
1139 773 1239 838 multa
1257 775 1397 856 poeticae

221 879 366 943 dictionis
381 881 514 966 vestigia
530 886 693 964 apparent,
716 881 899 965 praesertim
924 903 993 945 cum
1010 881 1155 962 facilitas
1170 881 1296 945 dicendi
1312 881 1395 944 haud

221 1000 332 1068 parum
349 989 530 1073 adjuvetur,
547 990 573 1052 si
585 990 739 1071 scriptori,
755 990 837 1053 unde
853 988 938 1066 velit,
953 988 1105 1052 vocabula
1118 989 1299 1071 depromere
1312 988 1394 1052 licet.

311 1095 437 1159 Pottica
460 1095 549 1159 nobis
573 1096 698 1178 quidem
723 1097 799 1160 haec
823 1095 976 1159 vocabula
1001 1097 1159 1160 videntur:
1183 1087 1290 1170 άΐδιος
1305 1117 1396 1176 saepe

221 1204 426 1286 conjunctum
442 1225 513 1266 oum
526 1191 669 1280 πόλεμος
683 1239 723 1247 -
738 1191 906 1287 δλσσχερης
919 1238 960 1245 -
974 1189 1181 1280 κραταιός-
1195 1191 1340 1274 νεανικός
1353 1238 1393 1245 -

221 1307 409 1384 διακοσμεῖν
441 1309 539 1372 aciem
569 1309 723 1373 instruere
754 1345 795 1353 -
827 1300 926 1383 εὐθύς
952 1301 1085 1374 'notione
1116 1315 1217 1372 rectus
1242 1346 1282 1352 —
1308 1299 1395 1370 ὅπλα

220 1406 448 1492 βαστάζειν,
466 1415 575 1498 φορεῖν
588 1453 628 1459 -
639 1406 844 1498 άσπιδιάτης
857 1453 897 1460 -
912 1412 1036 1497 στέγειν
1049 1453 1089 1460 -
1103 1406 1339 1499 προτροπάδην
1352 1425 1393 1459 -’

221 1511 404 1606 γενναιότης
426 1543 483 1604 pro
508 1521 691 1585 fortitudine
711 1522 807 1586 habet
823 1523 932 1605 Eurip.
950 1559 991 1566 —
1009 1511 1120 1604 ὀχυράς
1136 1558 1177 1566 -
1195 1512 1335 1601 οόλαμός
1351 1558 1392 1566 -

220 1621 356 1712 σκάφος.
383 1665 424 1673 -
1031 1703 1034 1710 ¹
1272 1654 1274 1659 ·

309 1735 575 1816 Philosophorum
591 1734 746 1800 dicitiouis
759 1757 823 1798 esse
840 1735 916 1800 haec
932 1736 1085 1800 vocabula
1103 1735 1210 1800 lexicis
1226 1736 1392 1818 probatur:

219 1833 355 1927 άδλημα
369 1863 409 1887 4
427 1835 562 1916 ἔπαυλις
579 1880 619 1887 -
638 1834 809 1930 συμπλοκή
827 1880 867 1888 -
886 1834 1167 1927 ἐπιτηδειότης-
1185 1837 1336 1923 σιταρκία
1350 1879 1390 1886 -

219 1945 352 2034 χορηγία
376 1987 417 1994 -
442 1939 549 2032 etloum
575 1988 615 1994 —
640 1943 837 2028 πλεονάζειν,
863 1947 1057 2030 περιπέτεια
1082 1987 1122 1994 -
1147 1941 1324 2024 ἐλάττωσις
1350 1988 1391 1994 -

220 2051 370 2140 ἐφεδρεία
395 2094 435 2102 ψ
461 2046 667 2137 παράστασις
699 2095 739 2101 -
772 2049 917 2139 άγὲννεια
950 2094 990 2101 -
1023 2051 1184 2139 γυμνασία
1213 2094 1254 2101 -
1284 2077 1390 2136 παρα-

218 2155 361 2249 βοηδεια
390 2200 430 2207 -
455 2154 675 2242 παράπτωσις
699 2201 740 2208 -
766 2157 903 2238 ἔντευξις
928 2201 968 2208 -
994 2153 1140 2245 εἶρηνεόιο
1165 2201 1206 2208 -
1230 2162 1390 2226 νεωλκεῖν.

307 2278 470 2342 Nonnulla
497 2301 535 2342 ex
558 2279 607 2342 his
637 2279 797 2344 vocabulis
821 2280 914 2342 aliam
940 2282 1020 2363 apud
1045 2279 1263 2362 philosophae,
1295 2279 1388 2342 aliam

218 2386 300 2468 apud
324 2390 466 2449 nostrum
490 2385 609 2449 habent
631 2387 802 2450 notionem.
848 2386 1026 2450 Stoicorum
1055 2391 1086 2450 et
1113 2386 1391 2468 Peripateticorum

217 2493 341 2557 scholae
353 2497 422 2556 turn
437 2493 592 2556 florebant
604 2497 635 2557 et
651 2516 758 2557 earum
774 2494 919 2572 rationes
938 2517 1016 2577 quas
1033 2493 1232 2558 eruditissimi
1249 2493 1392 2556 homiues

217 2601 455 2684 profitebantur,
480 2601 543 2664 late
567 2605 674 2683 patere
697 2602 846 2665 videmus

307 2717 524 2796 Xenophontis
539 2717 691 2782 vocabula
707 2718 856 2780 militaria
875 2719 900 2780 si
917 2717 1216 2799 perlustraverimus,
1242 2737 1392 2800 magnam

219 2824 350 2907 Polybio
379 2847 448 2888 curn
473 2823 683 2907 Xenophonte
706 2825 942 2888 similitudinem
966 2825 1158 2888 intercedere
1186 2825 1391 2887 inveniemus

217 2921 396 3011 Ἀνταίρειν
427 2923 569 3008 πόλεμον
601 2931 729 2995 exhibet
753 2930 835 3009 Pol,
868 2931 947 2996 Xeu.
980 2921 1068 2992 ὅπλα
1098 2922 1323 3012 άνταίρεσθαι.
1349 2967 1390 2976 —-

217 3027 431 3116 ἐπικάμπιον,
457 3032 490 3098 ἐν
513 3037 559 3120 τῷ
580 3031 774 3120 ἐπικαμπίῳ
791 3039 872 3120 apud
888 3038 968 3116 Pol,
994 3031 1187 3123 ἐπικαμπὴν
1204 3039 1388 3111 ποιεῖσθαι,

217 3134 439 3221 ἐπικάμιττειν
467 3146 549 3227 apud
573 3144 652 3208 Xeu.
699 3143 785 3208 Haeo
811 3145 977 3223 vocabula,
1009 3167 1089 3227 quae
1116 3145 1198 3228 apud
1223 3145 1389 3229 Polybium

216 3255 354 3328 exstant,
380 3251 452 3315 inde
476 3275 494 3315 a
517 3250 596 3315 Xen.
621 3257 802 3316 occurrunt:
835 3253 1054 3334 πυργομαχεῖν
1078 3289 1119 3297 -
1144 3243 1282 3330 ἔμβολον
1310 3251 1392 3315 acies

214 3364 347 3422 cuneata
365 3396 405 3406 -
423 3347 532 3438 όρθιοι
555 3349 644 3437 λόχοι
670 3396 709 3404 -
735 3350 914 3442 ἐπιστάτης
932 3359 986 3441 qui
1010 3381 1090 3442 poue
1114 3359 1252 3442 aliquem
1275 3359 1308 3422 in
1325 3359 1392 3422 acie

214 3466 316 3528 locum
334 3466 430 3528 habet
445 3501 485 3509 —
505 3459 741 3546 στρατοπεδεία
760 3501 804 3510 -
823 3453 1036 3548 κατασκηνόω
1059 3499 1098 3508 -
1123 3454 1298 3543 προσάγειν
1319 3464 1392 3527 inde

215 3571 327 3635 aXeu.
346 3572 553 3648 intransitive,
577 3561 716 3652 ὑπάγειν
732 3573 804 3636 inde
822 3595 840 3635 a
856 3570 935 3636 Xon.
948 3573 1112 3653 procreati,
1132 3571 1276 3652 σγγνοδέ,
1298 3574 1392 3634 antea

214 3700 246 3744 so
273 3680 470 3758 recipere-
500 3672 706 3753 καθοπλίζω,
732 3668 946 3753 καθόπλισις,
971 3667 1205 3755 καθοπλισμός
1229 3713 1270 3721 -
1296 3666 1391 3738 άκόν-

214 3804 314 3863 τισμα
328 3822 368 3828 -
382 3780 423 3845 τά
437 3773 533 3867 σκεόη
551 3821 592 3829 -
610 3778 746 3868 ἐλαφροί
760 3807 817 3867 pro
835 3784 986 3867 expeditis
1003 3784 1165 3862 militibus,
1183 3784 1332 3848 velitibus
1349 3820 1390 3828 —

214 3881 406 3975 ξυστοφόροι
439 3927 478 3935 -
512 3882 666 3967 πεζεύειν,
702 3887 908 3972 πεζοπορεῖν,
942 3881 1074 3966 πεζικός
1107 3927 1147 3936 -
1178 3880 1391 3976 παραπομπη

214 4003 404 4062 commeatus
435 4035 476 4043 -
509 4005 699 4082 σιτηρέσιον,
725 3988 934 4077 ἐπισιτισμός
957 4002 1148 4062 commeatus
1181 4033 1223 4043 -
1253 3987 1390 4084 στρατη-

214 4129 301 4190 γημα
326 4144 365 4152 ——
391 4099 408 4168 ὁ
432 4100 551 4191 ἔφοδος
574 4107 629 4191 qui
653 4106 777 4190 vigilias
802 4107 868 4171 adit
890 4105 1075 4188 inspiciendi
1103 4128 1204 4170 causa.
1252 4126 1390 4188 προτρο-

214 4206 323 4302 πάδην
347 4216 429 4300 apud
446 4215 618 4278 Homerum
642 4219 673 4278 et
689 4214 790 4292 Pina,
815 4219 883 4276 tum
907 4214 979 4276 inde
1003 4236 1021 4275 a
1043 4211 1122 4277 Xeu.
1149 4249 1189 4257 —
1214 4203 1389 4296 άνδριόδης,
