3176 4878
648 411 865 473 ..27-

259 603 423 676 Tractare,
448 625 542 686 opere
566 603 603 668 de
627 604 794 685 aliquare
818 605 974 668 veteribus
998 605 1181 688 plerumque
1205 609 1251 669 est
1268 602 1339 666 δια-

170 707 338 792 λέγεσθαι,
367 701 481 791 λόγους
512 709 697 773 ποιεῖσθαι.
746 709 873 775 Praeter
902 711 980 776 haec
1011 711 1163 776 vocabula
1185 711 1340 794 imprimis

169 816 234 881 Pol.
252 819 284 882 in
301 817 418 882 deliciis
433 817 543 882 habet:
569 814 830 898 κοινολογεῖοθαι
848 823 877 892 2,
897 823 925 891 5,
945 825 979 890 4;
1005 825 1034 893 2,
1053 824 1105 895 48,
1123 825 1159 893 4,·
1184 825 1212 892 3,
1232 825 1283 892 71,
1303 825 1340 892 5,·

173 929 221 999 10,
246 930 298 1003 42,
324 931 361 999 4,·
383 921 489 986 λαλεῖν
514 931 565 997 31,
592 926 643 999 20,
673 930 728 999 13,·
750 919 952 1008 χρηματίζειν
976 927 1005 1002 2,
1032 931 1083 999 54,
1109 931 1143 1000 4;
1177 933 1205 1000 3,
1232 931 1281 1003 66,
1309 932 1338 990 6.

59 1075 60 1080 1
169 1027 273 1093 λαλεῖν
296 1035 388 1095 antea
410 1031 569 1114 significat
592 1031 750 1113 loquacem
774 1052 849 1096 esse.

256 1153 334 1219 Pure
358 1159 403 1218 est
418 1157 575 1220 veteribus
592 1145 732 1240 εἰρήνη.
770 1155 837 1219 Pol.
858 1157 957 1219 multo
973 1157 1094 1240 saepius
1110 1179 1206 1239 quam
1221 1145 1337 1239 εἰρήνη.

170 1266 298 1344 usurpat
320 1251 467 1337 διάλυσις
490 1267 521 1326 et
545 1253 715 1336 διαλύσεις.
756 1271 780 1337 l,
807 1269 857 1341 68,
887 1265 941 1339 10;
972 1271 1001 1338 5,
1029 1270 1079 1339 29,
1105 1269 1142 1339 4,·
1173 1270 1202 1335 2,
1229 1269 1281 1338 32,
1309 1269 1337 1328 3.

256 1389 395 1452 Societas
423 1388 536 1467 foedus
568 1387 725 1452 veteribus
753 1392 799 1452 est
826 1388 1022 1471 potissimum
1047 1382 1223 1468 συμμαχία.
1271 1387 1338 1452 ΡοΙ.

168 1517 256 1577 saepe
286 1494 449 1558 substituit
478 1494 511 1558 in
545 1494 640 1578 hujus
670 1494 815 1559 vocabuli
846 1495 949 1559 locum
972 1488 1200 1578 κοινοπραγία;
1233 1492 1339 1557 λαλεῖν

121 1619 124 1626 ’
168 1593 248 1684 ὑπὲρ
270 1595 503 1683 κοινοπραγίας
528 1609 545 1666 7
572 1609 601 1676 2,
628 1608 645 1666 2
670 1605 701 1666 et
724 1601 802 1665 alias
826 1625 931 1686 saepe3
963 1603 1054 1685 prim.
1080 1603 1163 1685 apud
1187 1607 1337 1667 nostrum.

254 1727 362 1793 Pacta
391 1751 483 1811 saepe
506 1732 579 1791 sunt
602 1719 786 1808 ὁμολογίαι,
818 1729 869 1792 sed
894 1728 987 1792 etiam
1015 1719 1057 1788 τοὶ
1081 1719 1336 1812 ὁμολογηθέντα,

167 1824 422 1919 διομολογήσεις;
448 1824 674 1918 διομολόγησις
697 1835 788 1916 prim.
813 1835 896 1916 apud
920 1839 1071 1900 nostrum.

252 1958 382 2023 Foedus
404 1979 551 2039 rumpere
574 1965 602 2022 et
625 1960 732 2038 ruptio
755 1959 894 2039 foederis
916 1965 962 2023 est
990 1949 1124 2022 ἀθετεῖν
1148 1963 1179 2022 et
1201 1950 1335 2036 α’θεσία,

166 2088 246 2129 nova
269 2065 353 2148 apud
375 2065 441 2128 Pol.
466 2065 633 2141 vocubula;
657 2065 757 2128 multo
780 2067 902 2150 saepius
919 2066 1087 2130 adhibetur
1103 2057 1227 2128 ἅθεσία
1242 2073 1338 2148 q'uam

165 2164 316 2236 ἀπιστία.

286 2369 347 2433 Hic
371 2369 463 2434 liceat
485 2391 586 2451 pauca
609 2371 763 2434 ascribere
788 2372 826 2435 de
849 2370 1012 2434 uocabulis
1032 2369 1211 2434 παοαλίόαε.

253 2510 350 2576 Μανε
365 2515 411 2575 est
427 2511 583 2575 veteribus
596 2512 791 2593 potissimum
806 2502 971 2574 θάλασσα.
988 2549 1025 2556 -
1041 2507 1192 2593 πέλαγος,
1207 2499 1337 2589 πόντος,

166 2607 265 2699 πόρος
289 2619 371 2700 apud
395 2619 567 2702 superiores
591 2620 694 2682 minus
717 2619 750 2682 in
776 2641 832 2684 usu
856 2623 929 2683 sunt
952 2642 1048 2702 quam
1077 2619 1160 2700 apud
1184 2622 1335 2682 nostrum.

166 2723 303 2788 Primum
330 2725 430 2789 multo
453 2726 575 2809 saepius
599 2727 682 2809 apud
709 2731 815 2809 poetas
843 2730 1024 2796 occurrunt,
1056 2725 1167 2789 deinde
1195 2721 1337 2804 πέλαγος

165 2835 195 2893 et
217 2820 338 2905 πόντος
361 2831 458 2895 altum
484 2855 569 2897 mare
592 2833 773 2916 significant
796 2837 850 2895 aut
873 2833 911 2896 de
929 2831 1062 2915 singulis
1079 2831 1182 2914 parvis
1197 2831 1336 2896 maribus

165 2942 337 3020 ponuntur;
370 2940 453 3022 apud
483 2939 591 3022 Polyb.
628 2940 705 3004 haec
736 2937 888 3003 vocabula
924 2939 1094 3002 miscentur
1129 2961 1230 3022 neque
1265 2960 1336 3001 raro

163 3044 245 3109 idem
269 3045 376 3110 valent
399 3048 481 3129 quod
507 3037 671 3110 θάλασσα.
692 3045 897 3110 —Variatur
924 3047 950 3110 1.
977 3048 1029 3124 73,
1054 3047 1074 3109 4
1098 3051 1129 3111 et
1153 3049 1187 3112 5:
1213 3047 1250 3109 de
1273 3067 1336 3108 una
1403 3120 1406 3124 p

163 3153 333 3235 eademque
356 3158 444 3234 parte
467 3153 562 3216 maris
583 3154 697 3217 dicitur
712 3155 850 3235 primum
867 3137 1030 3230 θάλαττα,
1055 3155 1166 3218 deinde
1182 3148 1334 3232 πέλαγος.

164 3255 314 3321 Variatur
338 3259 368 3335 2,
396 3257 445 3334 14,
470 3259 505 3322 4:
532 3250 567 3321 ‘0
587 3248 700 3332 Ἰόνιος
725 3250 825 3342 πόρος
848 3250 942 3324 etad
967 3253 1160 3344 Τυρρηνικὸν
1183 3255 1335 3341 πέλαγος,

162 3363 295 3428 subinde
317 3353 430 3438 Ἰόνιος
453 3354 564 3448 πόρος,
589 3359 755 3428 Σικελικόν
778 3363 930 3448 πέλαγος.

250 3489 355 3554 Nauis
378 3493 424 3554 est
448 3490 604 3555 veteribus
627 3489 718 3568 ναῦς;
743 3492 843 3557 multo
866 3493 966 3556 rarius
990 3489 1251 3569 haberentue,
1275 3491 1335 3554 im-

162 3594 272 3676 primis
295 3599 423 3662 notioue
446 3601 537 3663 νναοίε
560 3600 735 3664 onerariae.
770 3599 862 3682 Apud
880 3598 947 3663 Pol.
966 3603 1072 3662 utrum
1088 3599 1197 3662 vocab.
1214 3599 1336 3681 saepius

162 3701 203 3764 sit
234 3700 367 3780 dictum,
399 3725 460 3766 non
492 3725 617 3785 possum
644 3704 755 3768 dicere.
805 3705 934 3769 Accedit
956 3706 989 3768 in
1013 3706 1110 3768 nostri
1134 3704 1223 3768 libris
1247 3704 1334 3768 aliud

162 3801 359 3872 vocabulum.
407 3800 543 3894 σκάφος,
569 3811 653 3874 verb.
682 3811 853 3900 poeticum,
884 3813 1104 3895 saepissimae
1130 3811 1196 3876 Pol.
1228 3812 1337 3876 eodem

163 3937 252 3980 sensu
276 3915 463 3996 adhibitum,
488 3940 550 4000 quo
574 3915 651 3990 ναῖς
675 3922 705 3981 et
729 3916 852 3982 πλοῖον.

250 4040 320 4105 Ρνο
343 4043 499 4107 naviculis
516 4043 583 4107 Pol.
608 4044 705 4108 habet
720 4043 820 4107 multa
838 4043 1007 4108 vocabula:
1032 4039 1161 4123 λέμβος,
1188 4034 1334 4121 ἀκάτιον,

162 4141 303 4229 πρίστις,
328 4148 522 4230 πορθμεῖον,
548 4139 704 4234 ἡμιόλιος.
816 4207 818 4212 .

251 4253 413 4336 Ναοῖμονε
444 4260 489 4319 est
521 4253 630 4332 πλεῖν;
664 4257 746 4339 apud
771 4255 838 4321 Pol.
871 4261 994 4339 praeter
1022 4257 1081 4322 hoc
1109 4259 1218 4322 vocab.
1242 4280 1334 4342 saepe

161 4359 313 4425 habemus
336 4360 654 4445 circumscriptionem
670 4363 799 4426 ποιεῖν
816 4363 874 4427 vel
892 4365 1108 4429 ποιεῖσθαι
1124 4359 1188 4430 τόν
1205 4363 1333 4432 πλοῦν.
