<?xml version="1.0" encoding="UTF-8"?>
<!DOCTYPE html PUBLIC "-//W3C//DTD XHTML 1.0 Transitional//EN"
    "http://www.w3.org/TR/xhtml1/DTD/xhtml1-transitional.dtd">
<html xmlns="http://www.w3.org/1999/xhtml" xml:lang="en" lang="en">
 <head>
  <title>
</title>
<meta http-equiv="Content-Type" content="text/html;charset=utf-8" />
  <meta name='ocr-system' content='tesseract 3.04.00' />
  <meta name='ocr-capabilities' content='ocr_page ocr_carea ocr_par ocr_line ocrx_word'/>
</head>
<body>
  <div class='ocr_page' id='page_1' title='image "./depolybiivocabu00lindgoog_0043.png"; bbox 0 0 3176 4878; ppageno 0'>
   <div class='ocr_carea' id='block_1_1' title="bbox 110 453 1376 656">
    <p class='ocr_par' dir='ltr' id='par_1_1' title="bbox 110 453 1376 656">
     <span class='ocr_line' id='line_1_1' title="bbox 200 453 1376 550; baseline -0.001 -23"><span class='ocrx_word' id='word_1_1' title='bbox 200 465 253 527; x_wconf 92' lang='lat' dir='ltr'>sed</span> <span class='ocrx_word' id='word_1_2' title='bbox 284 454 428 546; x_wconf 79' lang='grc' dir='ltr'><strong><em>διωγμός</em></strong></span> <span class='ocrx_word' id='word_1_3' title='bbox 459 465 625 540; x_wconf 89' lang='lat' dir='ltr'>habemus;</span> <span class='ocrx_word' id='word_1_4' title='bbox 659 467 688 542; x_wconf 84' lang='lat'>3,</span> <span class='ocrx_word' id='word_1_5' title='bbox 715 467 766 542; x_wconf 87' lang='grc'>67,</span> <span class='ocrx_word' id='word_1_6' title='bbox 793 467 810 529; x_wconf 85' lang='grc'>7</span> <span class='ocrx_word' id='word_1_7' title='bbox 836 453 988 546; x_wconf 78' lang='grc' dir='ltr'><strong><em>ὁμήρους</em></strong></span> <span class='ocrx_word' id='word_1_8' title='bbox 1012 457 1096 526; x_wconf 75' lang='lat' dir='ltr'>auaui</span> <span class='ocrx_word' id='word_1_9' title='bbox 1122 457 1181 550; x_wconf 74' lang='grc' dir='ltr'>τήν</span> <span class='ocrx_word' id='word_1_10' title='bbox 1203 456 1376 544; x_wconf 66' lang='grc' dir='ltr'><strong><em>πρόθεσιν,</em></strong></span> 
     </span>
     <span class='ocr_line' id='line_1_2' title="bbox 110 564 929 656; baseline 0 -22"><span class='ocrx_word' id='word_1_11' title='bbox 110 573 115 583; x_wconf 83' lang='grc'><strong>”</strong></span> <span class='ocrx_word' id='word_1_12' title='bbox 204 593 396 655; x_wconf 88' lang='lat' dir='ltr'>quamquam</span> <span class='ocrx_word' id='word_1_13' title='bbox 420 564 524 656; x_wconf 82' lang='grc' dir='ltr'><strong><em>ὅμηρα</em></strong></span> <span class='ocrx_word' id='word_1_14' title='bbox 546 571 669 635; x_wconf 89' lang='lat' dir='ltr'>hiatum</span> <span class='ocrx_word' id='word_1_15' title='bbox 693 593 757 635; x_wconf 89' lang='lat' dir='ltr'>non</span> <span class='ocrx_word' id='word_1_16' title='bbox 781 571 929 636; x_wconf 89' lang='lat' dir='ltr'>efficeret.</span> 
     </span>
    </p>
   </div>
   <div class='ocr_carea' id='block_1_2' title="bbox 198 695 1377 1104">
    <p class='ocr_par' dir='ltr' id='par_1_2' title="bbox 198 695 1377 1104">
     <span class='ocr_line' id='line_1_3' title="bbox 289 695 1377 789; baseline -0.001 -20"><span class='ocrx_word' id='word_1_17' title='bbox 289 703 391 769; x_wconf 84' lang='lat' dir='ltr'>Semel</span> <span class='ocrx_word' id='word_1_18' title='bbox 414 705 566 768; x_wconf 86' lang='lat' dir='ltr'>habemus</span> <span class='ocrx_word' id='word_1_19' title='bbox 590 700 795 782; x_wconf 82' lang='grc' dir='ltr'><em>ποιουμένων</em></span> <span class='ocrx_word' id='word_1_20' title='bbox 818 696 878 778; x_wconf 76' lang='grc' dir='ltr'>τᾶς</span> <span class='ocrx_word' id='word_1_21' title='bbox 902 695 1097 784; x_wconf 76' lang='grc' dir='ltr'><strong><em>ἐπιδρομάς</em></strong></span> <span class='ocrx_word' id='word_1_22' title='bbox 1122 741 1160 749; x_wconf 91' lang='lat'><em>-</em></span> <span class='ocrx_word' id='word_1_23' title='bbox 1187 705 1282 788; x_wconf 91' lang='lat' dir='ltr'>paulo</span> <span class='ocrx_word' id='word_1_24' title='bbox 1306 709 1377 789; x_wconf 89' lang='lat' dir='ltr'>post</span> 
     </span>
     <span class='ocr_line' id='line_1_4' title="bbox 198 801 1376 892; baseline 0.003 -21"><span class='ocrx_word' id='word_1_25' title='bbox 198 805 370 872; x_wconf 83' lang='grc' dir='ltr'><strong><em>ἐποιοῦντο</em></strong></span> <span class='ocrx_word' id='word_1_26' title='bbox 392 803 452 886; x_wconf 74' lang='grc' dir='ltr'><strong><em>τοὶς</em></strong></span> <span class='ocrx_word' id='word_1_27' title='bbox 475 801 693 892; x_wconf 80' lang='grc' dir='ltr'><strong><em>καταδρομάς,</em></strong></span> <span class='ocrx_word' id='word_1_28' title='bbox 742 810 775 875; x_wconf 84' lang='lat' dir='ltr'>si</span> <span class='ocrx_word' id='word_1_29' title='bbox 798 813 911 876; x_wconf 91' lang='lat' dir='ltr'>iterum</span> <span class='ocrx_word' id='word_1_30' title='bbox 937 805 1115 890; x_wconf 76' lang='grc' dir='ltr'><strong><em>ἐπιδρομαὶ</em></strong></span> <span class='ocrx_word' id='word_1_31' title='bbox 1142 812 1259 876; x_wconf 89' lang='lat' dir='ltr'>dietum</span> <span class='ocrx_word' id='word_1_32' title='bbox 1285 816 1376 889; x_wconf 88' lang='lat' dir='ltr'>esset,</span> 
     </span>
     <span class='ocr_line' id='line_1_5' title="bbox 199 917 1374 1002; baseline 0.001 -21"><span class='ocrx_word' id='word_1_33' title='bbox 199 919 304 982; x_wconf 89' lang='lat' dir='ltr'>hiatus</span> <span class='ocrx_word' id='word_1_34' title='bbox 335 941 398 981; x_wconf 94' lang='lat' dir='ltr'>non</span> <span class='ocrx_word' id='word_1_35' title='bbox 421 919 520 982; x_wconf 90' lang='lat' dir='ltr'>fieret.</span> <span class='ocrx_word' id='word_1_36' title='bbox 568 917 628 982; x_wconf 80' lang='lat' dir='ltr'>Sed</span> <span class='ocrx_word' id='word_1_37' title='bbox 651 917 763 1002; x_wconf 86' lang='lat' dir='ltr'><strong>Polyb.</strong></span> <span class='ocrx_word' id='word_1_38' title='bbox 788 919 995 982; x_wconf 75' lang='lat' dir='ltr'>variationem</span> <span class='ocrx_word' id='word_1_39' title='bbox 1019 939 1074 1001; x_wconf 89' lang='lat' dir='ltr'>per</span> <span class='ocrx_word' id='word_1_40' title='bbox 1097 940 1130 982; x_wconf 90' lang='lat' dir='ltr'>se</span> <span class='ocrx_word' id='word_1_41' title='bbox 1153 918 1253 1001; x_wconf 83' lang='lat' dir='ltr'><strong>ipsam</strong></span> <span class='ocrx_word' id='word_1_42' title='bbox 1278 925 1374 997; x_wconf 91' lang='lat' dir='ltr'>amat,</span> 
     </span>
     <span class='ocr_line' id='line_1_6' title="bbox 199 1025 1239 1104; baseline 0.001 -16"><span class='ocrx_word' id='word_1_43' title='bbox 199 1049 262 1090; x_wconf 90' lang='lat' dir='ltr'>uon</span> <span class='ocrx_word' id='word_1_44' title='bbox 286 1027 387 1090; x_wconf 90' lang='lat' dir='ltr'>solum</span> <span class='ocrx_word' id='word_1_45' title='bbox 410 1026 450 1089; x_wconf 92' lang='lat' dir='ltr'>ob</span> <span class='ocrx_word' id='word_1_46' title='bbox 475 1048 542 1090; x_wconf 89' lang='lat' dir='ltr'>eam</span> <span class='ocrx_word' id='word_1_47' title='bbox 568 1047 705 1104; x_wconf 87' lang='lat' dir='ltr'>oausam,</span> <span class='ocrx_word' id='word_1_48' title='bbox 729 1029 765 1088; x_wconf 91' lang='lat' dir='ltr'>ut</span> <span class='ocrx_word' id='word_1_49' title='bbox 788 1025 883 1088; x_wconf 87' lang='lat' dir='ltr'>aliam</span> <span class='ocrx_word' id='word_1_50' title='bbox 907 1025 1110 1089; x_wconf 82' lang='lat' dir='ltr'>offensionem</span> <span class='ocrx_word' id='word_1_51' title='bbox 1134 1026 1239 1089; x_wconf 89' lang='lat' dir='ltr'>evitet.</span> 
     </span>
    </p>
   </div>
   <div class='ocr_carea' id='block_1_3' title="bbox 195 1176 1377 3406">
    <p class='ocr_par' dir='ltr' id='par_1_3' title="bbox 195 1176 1377 3406">
     <span class='ocr_line' id='line_1_7' title="bbox 291 1176 1375 1261; baseline -0.002 -19"><span class='ocrx_word' id='word_1_52' title='bbox 291 1178 432 1242; x_wconf 87' lang='lat' dir='ltr'>Variatio</span> <span class='ocrx_word' id='word_1_53' title='bbox 457 1181 502 1241; x_wconf 87' lang='lat' dir='ltr'>est</span> <span class='ocrx_word' id='word_1_54' title='bbox 525 1177 624 1261; x_wconf 85' lang='lat' dir='ltr'>igitur</span> <span class='ocrx_word' id='word_1_55' title='bbox 640 1177 742 1259; x_wconf 89' lang='lat' dir='ltr'>prima</span> <span class='ocrx_word' id='word_1_56' title='bbox 761 1181 792 1241; x_wconf 89' lang='lat' dir='ltr'>et</span> <span class='ocrx_word' id='word_1_57' title='bbox 808 1177 992 1260; x_wconf 83' lang='lat' dir='ltr'>gravissima</span> <span class='ocrx_word' id='word_1_58' title='bbox 1008 1199 1102 1240; x_wconf 90' lang='lat' dir='ltr'>causa</span> <span class='ocrx_word' id='word_1_59' title='bbox 1119 1177 1290 1242; x_wconf 90' lang='lat' dir='ltr'>multorum</span> <span class='ocrx_word' id='word_1_60' title='bbox 1307 1176 1375 1242; x_wconf 90' lang='lat' dir='ltr'>Pol.</span> 
     </span>
     <span class='ocr_line' id='line_1_8' title="bbox 199 1283 1376 1368; baseline -0.003 -17"><span class='ocrx_word' id='word_1_61' title='bbox 199 1285 421 1351; x_wconf 89' lang='lat' dir='ltr'>vocabulorum</span> <span class='ocrx_word' id='word_1_62' title='bbox 446 1284 494 1348; x_wconf 91' lang='lat' dir='ltr'>vel</span> <span class='ocrx_word' id='word_1_63' title='bbox 518 1307 671 1349; x_wconf 91' lang='lat' dir='ltr'>novorum</span> <span class='ocrx_word' id='word_1_64' title='bbox 694 1287 744 1348; x_wconf 88' lang='lat' dir='ltr'>vel</span> <span class='ocrx_word' id='word_1_65' title='bbox 767 1285 800 1346; x_wconf 89' lang='lat' dir='ltr'>in</span> <span class='ocrx_word' id='word_1_66' title='bbox 824 1307 938 1348; x_wconf 90' lang='lat' dir='ltr'>novam</span> <span class='ocrx_word' id='word_1_67' title='bbox 961 1283 1226 1368; x_wconf 83' lang='lat' dir='ltr'>significationem</span> <span class='ocrx_word' id='word_1_68' title='bbox 1249 1285 1376 1348; x_wconf 90' lang='lat' dir='ltr'>traduc-</span> 
     </span>
     <span class='ocr_line' id='line_1_9' title="bbox 198 1391 1376 1474; baseline -0.001 -18"><span class='ocrx_word' id='word_1_69' title='bbox 198 1398 312 1456; x_wconf 90' lang='lat' dir='ltr'>torum.</span> <span class='ocrx_word' id='word_1_70' title='bbox 359 1391 446 1467; x_wconf 75' lang='lat' dir='ltr'>Quae</span> <span class='ocrx_word' id='word_1_71' title='bbox 477 1391 608 1454; x_wconf 73' lang='lat' dir='ltr'>variatio</span> <span class='ocrx_word' id='word_1_72' title='bbox 636 1415 673 1456; x_wconf 88' lang='lat' dir='ltr'>ea</span> <span class='ocrx_word' id='word_1_73' title='bbox 704 1395 787 1456; x_wconf 89' lang='lat' dir='ltr'>certe</span> <span class='ocrx_word' id='word_1_74' title='bbox 811 1391 932 1454; x_wconf 89' lang='lat' dir='ltr'>ratione</span> <span class='ocrx_word' id='word_1_75' title='bbox 955 1391 1141 1469; x_wconf 79' lang='lat' dir='ltr'>adhibetur,</span> <span class='ocrx_word' id='word_1_76' title='bbox 1173 1396 1208 1455; x_wconf 90' lang='lat' dir='ltr'>ut</span> <span class='ocrx_word' id='word_1_77' title='bbox 1232 1393 1376 1474; x_wconf 81' lang='lat' dir='ltr'>repetitio</span> 
     </span>
     <span class='ocr_line' id='line_1_10' title="bbox 199 1497 1375 1581; baseline 0 -17"><span class='ocrx_word' id='word_1_78' title='bbox 199 1501 325 1564; x_wconf 89' lang='lat' dir='ltr'>vitetur.</span> <span class='ocrx_word' id='word_1_79' title='bbox 377 1497 446 1562; x_wconf 90' lang='lat' dir='ltr'>Hoc</span> <span class='ocrx_word' id='word_1_80' title='bbox 478 1499 622 1562; x_wconf 87' lang='lat' dir='ltr'>variandi</span> <span class='ocrx_word' id='word_1_81' title='bbox 652 1499 790 1563; x_wconf 90' lang='lat' dir='ltr'>studium</span> <span class='ocrx_word' id='word_1_82' title='bbox 820 1521 876 1581; x_wconf 89' lang='lat' dir='ltr'>per</span> <span class='ocrx_word' id='word_1_83' title='bbox 907 1499 1045 1572; x_wconf 90' lang='lat' dir='ltr'>nomina,</span> <span class='ocrx_word' id='word_1_84' title='bbox 1079 1499 1184 1576; x_wconf 89' lang='lat' dir='ltr'>verba,</span> <span class='ocrx_word' id='word_1_85' title='bbox 1220 1522 1375 1577; x_wconf 69' lang='lat' dir='ltr'>numeros</span> 
     </span>
     <span class='ocr_line' id='line_1_11' title="bbox 198 1603 1377 1688; baseline 0.001 -19"><span class='ocrx_word' id='word_1_86' title='bbox 198 1610 350 1687; x_wconf 89' lang='lat' dir='ltr'>tempora,</span> <span class='ocrx_word' id='word_1_87' title='bbox 375 1605 492 1682; x_wconf 90' lang='lat' dir='ltr'>modos,</span> <span class='ocrx_word' id='word_1_88' title='bbox 517 1605 633 1669; x_wconf 85' lang='lat' dir='ltr'>formas</span> <span class='ocrx_word' id='word_1_89' title='bbox 656 1605 882 1670; x_wconf 88' lang='lat' dir='ltr'>vocabulorum</span> <span class='ocrx_word' id='word_1_90' title='bbox 899 1608 956 1668; x_wconf 90' lang='lat' dir='ltr'>etc.</span> <span class='ocrx_word' id='word_1_91' title='bbox 982 1608 1047 1668; x_wconf 90' lang='lat' dir='ltr'>tam</span> <span class='ocrx_word' id='word_1_92' title='bbox 1070 1603 1136 1669; x_wconf 89' lang='lat' dir='ltr'>late</span> <span class='ocrx_word' id='word_1_93' title='bbox 1160 1609 1258 1688; x_wconf 89' lang='lat' dir='ltr'>patet,</span> <span class='ocrx_word' id='word_1_94' title='bbox 1283 1611 1316 1669; x_wconf 88' lang='lat' dir='ltr'>ut</span> <span class='ocrx_word' id='word_1_95' title='bbox 1341 1630 1377 1670; x_wconf 90' lang='lat' dir='ltr'>ea</span> 
     </span>
     <span class='ocr_line' id='line_1_12' title="bbox 202 1695 1376 1796; baseline 0.001 -21"><span class='ocrx_word' id='word_1_96' title='bbox 202 1713 271 1794; x_wconf 92' lang='lat' dir='ltr'>ipsa</span> <span class='ocrx_word' id='word_1_97' title='bbox 294 1711 499 1794; x_wconf 87' lang='lat' dir='ltr'>praecipuum</span> <span class='ocrx_word' id='word_1_98' title='bbox 524 1709 707 1776; x_wconf 82' lang='lat' dir='ltr'>elocutionis</span> <span class='ocrx_word' id='word_1_99' title='bbox 723 1712 915 1796; x_wconf 90' lang='lat' dir='ltr'>Polybianae</span> <span class='ocrx_word' id='word_1_100' title='bbox 931 1711 1056 1794; x_wconf 87' lang='lat' dir='ltr'>signum</span> <span class='ocrx_word' id='word_1_101' title='bbox 1077 1717 1149 1776; x_wconf 90' lang='lat' dir='ltr'>ante</span> <span class='ocrx_word' id='word_1_102' title='bbox 1166 1695 1271 1776; x_wconf 83' lang='lat' dir='ltr'>oculos</span> <span class='ocrx_word' id='word_1_103' title='bbox 1287 1713 1376 1776; x_wconf 87' lang='lat' dir='ltr'>nobis</span> 
     </span>
     <span class='ocr_line' id='line_1_13' title="bbox 199 1815 1375 1903; baseline 0.001 -22"><span class='ocrx_word' id='word_1_104' title='bbox 199 1824 344 1900; x_wconf 89' lang='lat' dir='ltr'>ponatur.</span> <span class='ocrx_word' id='word_1_105' title='bbox 371 1815 441 1900; x_wconf 92' lang='lat' dir='ltr'>lpse</span> <span class='ocrx_word' id='word_1_106' title='bbox 457 1815 632 1882; x_wconf 83' lang='lat' dir='ltr'>Kaelkerus</span> <span class='ocrx_word' id='word_1_107' title='bbox 648 1843 712 1883; x_wconf 91' lang='lat' dir='ltr'>non</span> <span class='ocrx_word' id='word_1_108' title='bbox 733 1822 830 1902; x_wconf 86' lang='lat' dir='ltr'>negat</span> <span class='ocrx_word' id='word_1_109' title='bbox 846 1819 968 1882; x_wconf 90' lang='lat' dir='ltr'>variare</span> <span class='ocrx_word' id='word_1_110' title='bbox 985 1817 1164 1903; x_wconf 83' lang='lat' dir='ltr'>Polybium,</span> <span class='ocrx_word' id='word_1_111' title='bbox 1188 1842 1258 1883; x_wconf 91' lang='lat' dir='ltr'>oum</span> <span class='ocrx_word' id='word_1_112' title='bbox 1276 1821 1375 1884; x_wconf 89' lang='lat' dir='ltr'>dieat:</span> 
     </span>
     <span class='ocr_line' id='line_1_14' title="bbox 200 1925 1376 2010; baseline 0.001 -22"><span class='ocrx_word' id='word_1_113' title='bbox 200 1927 362 2009; x_wconf 86' lang='lat' dir='ltr'>Apparere</span> <span class='ocrx_word' id='word_1_114' title='bbox 385 1925 509 1990; x_wconf 92' lang='lat' dir='ltr'>videtur</span> <span class='ocrx_word' id='word_1_115' title='bbox 534 1925 701 2009; x_wconf 86' lang='lat' dir='ltr'>Polybium</span> <span class='ocrx_word' id='word_1_116' title='bbox 725 1926 854 1990; x_wconf 89' lang='lat' dir='ltr'>minime</span> <span class='ocrx_word' id='word_1_117' title='bbox 878 1949 949 1990; x_wconf 91' lang='lat' dir='ltr'>eum</span> <span class='ocrx_word' id='word_1_118' title='bbox 972 1949 1046 2004; x_wconf 89' lang='lat' dir='ltr'>esse,</span> <span class='ocrx_word' id='word_1_119' title='bbox 1071 1927 1126 2010; x_wconf 91' lang='lat' dir='ltr'>qui</span> <span class='ocrx_word' id='word_1_120' title='bbox 1149 1931 1265 1991; x_wconf 89' lang='lat' dir='ltr'>temere</span> <span class='ocrx_word' id='word_1_121' title='bbox 1289 1927 1376 1990; x_wconf 89' lang='lat' dir='ltr'>varia</span> 
     </span>
     <span class='ocr_line' id='line_1_15' title="bbox 201 2034 1375 2116; baseline 0.001 -20"><span class='ocrx_word' id='word_1_122' title='bbox 201 2056 237 2097; x_wconf 91' lang='lat' dir='ltr'>ae</span> <span class='ocrx_word' id='word_1_123' title='bbox 260 2034 382 2097; x_wconf 86' lang='lat' dir='ltr'>diversa</span> <span class='ocrx_word' id='word_1_124' title='bbox 407 2034 579 2112; x_wconf 90' lang='lat' dir='ltr'>miscuerit,</span> <span class='ocrx_word' id='word_1_125' title='bbox 611 2036 663 2098; x_wconf 89' lang='lat' dir='ltr'>sed</span> <span class='ocrx_word' id='word_1_126' title='bbox 686 2057 809 2116; x_wconf 84' lang='lat' dir='ltr'>semper</span> <span class='ocrx_word' id='word_1_127' title='bbox 832 2038 918 2098; x_wconf 89' lang='lat' dir='ltr'>certa</span> <span class='ocrx_word' id='word_1_128' title='bbox 941 2035 1079 2116; x_wconf 90' lang='lat' dir='ltr'>quadarn</span> <span class='ocrx_word' id='word_1_129' title='bbox 1102 2035 1224 2097; x_wconf 89' lang='lat' dir='ltr'>ratione</span> <span class='ocrx_word' id='word_1_130' title='bbox 1247 2035 1375 2098; x_wconf 90' lang='lat' dir='ltr'>ductum</span> 
     </span>
     <span class='ocr_line' id='line_1_16' title="bbox 199 2139 1376 2222; baseline 0.003 -19"><span class='ocrx_word' id='word_1_131' title='bbox 199 2141 373 2205; x_wconf 89' lang='lat' dir='ltr'>orationem</span> <span class='ocrx_word' id='word_1_132' title='bbox 404 2143 540 2206; x_wconf 85' lang='lat' dir='ltr'>variasse</span> <span class='ocrx_word' id='word_1_133' title='bbox 568 2146 599 2204; x_wconf 88' lang='lat' dir='ltr'>et</span> <span class='ocrx_word' id='word_1_134' title='bbox 630 2147 773 2205; x_wconf 88' lang='lat' dir='ltr'>mutasse.</span> <span class='ocrx_word' id='word_1_135' title='bbox 821 2139 929 2222; x_wconf 82' lang='lat' dir='ltr'>(Ratio</span> <span class='ocrx_word' id='word_1_136' title='bbox 961 2144 1008 2204; x_wconf 89' lang='lat' dir='ltr'>est</span> <span class='ocrx_word' id='word_1_137' title='bbox 1031 2140 1188 2204; x_wconf 88' lang='lat' dir='ltr'>Kaelkero</span> <span class='ocrx_word' id='word_1_138' title='bbox 1223 2143 1376 2206; x_wconf 89' lang='lat' dir='ltr'>hocloco</span> 
     </span>
     <span class='ocr_line' id='line_1_17' title="bbox 195 2237 1373 2332; baseline 0 -20"><span class='ocrx_word' id='word_1_139' title='bbox 195 2237 332 2329; x_wconf 79' lang='lat' dir='ltr'>bintus).</span> <span class='ocrx_word' id='word_1_140' title='bbox 385 2248 471 2324; x_wconf 74' lang='lat' dir='ltr'>Quae</span> <span class='ocrx_word' id='word_1_141' title='bbox 502 2254 663 2330; x_wconf 90' lang='lat' dir='ltr'>praeterea</span> <span class='ocrx_word' id='word_1_142' title='bbox 693 2247 853 2311; x_wconf 88' lang='lat' dir='ltr'>invenitur</span> <span class='ocrx_word' id='word_1_143' title='bbox 884 2248 1018 2312; x_wconf 90' lang='lat' dir='ltr'>varietas</span> <span class='ocrx_word' id='word_1_144' title='bbox 1049 2249 1110 2312; x_wconf 88' lang='lat' dir='ltr'>alio</span> <span class='ocrx_word' id='word_1_145' title='bbox 1145 2250 1238 2314; x_wconf 92' lang='lat' dir='ltr'>modo</span> <span class='ocrx_word' id='word_1_146' title='bbox 1271 2250 1373 2332; x_wconf 85' lang='lat' dir='ltr'>expli-</span> 
     </span>
     <span class='ocr_line' id='line_1_18' title="bbox 198 2356 1376 2440; baseline 0.001 -22"><span class='ocrx_word' id='word_1_147' title='bbox 198 2360 305 2431; x_wconf 81' lang='lat' dir='ltr'>catur3</span> <span class='ocrx_word' id='word_1_148' title='bbox 329 2379 430 2439; x_wconf 90' lang='lat' dir='ltr'>neque</span> <span class='ocrx_word' id='word_1_149' title='bbox 455 2357 540 2421; x_wconf 90' lang='lat' dir='ltr'>enim</span> <span class='ocrx_word' id='word_1_150' title='bbox 562 2356 671 2440; x_wconf 84' lang='lat' dir='ltr'>negari</span> <span class='ocrx_word' id='word_1_151' title='bbox 696 2358 798 2437; x_wconf 90' lang='lat' dir='ltr'>potest</span> <span class='ocrx_word' id='word_1_152' title='bbox 821 2377 948 2437; x_wconf 88' lang='lat' dir='ltr'>operam</span> <span class='ocrx_word' id='word_1_153' title='bbox 972 2356 1091 2419; x_wconf 87' lang='lat' dir='ltr'>dedisse</span> <span class='ocrx_word' id='word_1_154' title='bbox 1114 2357 1309 2439; x_wconf 88' lang='lat' dir='ltr'>scriptorem,</span> <span class='ocrx_word' id='word_1_155' title='bbox 1337 2378 1376 2419; x_wconf 92' lang='lat' dir='ltr'>ne</span> 
     </span>
     <span class='ocr_line' id='line_1_19' title="bbox 200 2461 1377 2546; baseline 0.002 -20"><span class='ocrx_word' id='word_1_156' title='bbox 200 2486 282 2546; x_wconf 90' lang='lat' dir='ltr'>quae</span> <span class='ocrx_word' id='word_1_157' title='bbox 306 2484 361 2544; x_wconf 91' lang='lat' dir='ltr'>per</span> <span class='ocrx_word' id='word_1_158' title='bbox 384 2483 416 2526; x_wconf 90' lang='lat' dir='ltr'>se</span> <span class='ocrx_word' id='word_1_159' title='bbox 439 2463 515 2526; x_wconf 88' lang='lat' dir='ltr'>satis</span> <span class='ocrx_word' id='word_1_160' title='bbox 539 2467 674 2546; x_wconf 81' lang='lat' dir='ltr'>angusta</span> <span class='ocrx_word' id='word_1_161' title='bbox 698 2468 729 2527; x_wconf 91' lang='lat' dir='ltr'>et</span> <span class='ocrx_word' id='word_1_162' title='bbox 753 2461 841 2526; x_wconf 89' lang='lat' dir='ltr'>exilis</span> <span class='ocrx_word' id='word_1_163' title='bbox 865 2483 929 2526; x_wconf 86' lang='lat' dir='ltr'>esse</span> <span class='ocrx_word' id='word_1_164' title='bbox 953 2462 1102 2542; x_wconf 84' lang='lat' dir='ltr'>elocutio,</span> <span class='ocrx_word' id='word_1_165' title='bbox 1136 2465 1229 2528; x_wconf 91' lang='lat' dir='ltr'>etiam</span> <span class='ocrx_word' id='word_1_166' title='bbox 1262 2465 1377 2528; x_wconf 88' lang='lat' dir='ltr'>aridior</span> 
     </span>
     <span class='ocr_line' id='line_1_20' title="bbox 199 2569 1377 2656; baseline 0.003 -24"><span class='ocrx_word' id='word_1_167' title='bbox 199 2571 287 2634; x_wconf 88' lang='lat' dir='ltr'>fieret</span> <span class='ocrx_word' id='word_1_168' title='bbox 310 2592 431 2652; x_wconf 89' lang='lat' dir='ltr'>semper</span> <span class='ocrx_word' id='word_1_169' title='bbox 454 2569 562 2632; x_wconf 92' lang='lat' dir='ltr'>iisdem</span> <span class='ocrx_word' id='word_1_170' title='bbox 587 2569 786 2652; x_wconf 87' lang='lat' dir='ltr'>eiusdemque</span> <span class='ocrx_word' id='word_1_171' title='bbox 810 2569 897 2633; x_wconf 90' lang='lat' dir='ltr'>verbi</span> <span class='ocrx_word' id='word_1_172' title='bbox 921 2569 1030 2632; x_wconf 88' lang='lat' dir='ltr'>formis</span> <span class='ocrx_word' id='word_1_173' title='bbox 1060 2571 1218 2635; x_wconf 76' lang='lat' dir='ltr'>adhibitis</span> <span class='ocrx_word' id='word_1_174' title='bbox 1267 2572 1377 2656; x_wconf 86' lang='lat' dir='ltr'>ltaque</span> 
     </span>
     <span class='ocr_line' id='line_1_21' title="bbox 199 2676 1377 2760; baseline 0.003 -20"><span class='ocrx_word' id='word_1_175' title='bbox 199 2677 225 2740; x_wconf 90' lang='lat' dir='ltr'>si</span> <span class='ocrx_word' id='word_1_176' title='bbox 249 2677 336 2760; x_wconf 88' lang='lat' dir='ltr'>eujus</span> <span class='ocrx_word' id='word_1_177' title='bbox 359 2677 447 2740; x_wconf 91' lang='lat' dir='ltr'>verbi</span> <span class='ocrx_word' id='word_1_178' title='bbox 472 2677 610 2759; x_wconf 83' lang='lat' dir='ltr'>duplices</span> <span class='ocrx_word' id='word_1_179' title='bbox 633 2677 666 2739; x_wconf 92' lang='lat' dir='ltr'>in</span> <span class='ocrx_word' id='word_1_180' title='bbox 691 2700 748 2740; x_wconf 90' lang='lat' dir='ltr'>usu</span> <span class='ocrx_word' id='word_1_181' title='bbox 770 2679 844 2739; x_wconf 90' lang='lat' dir='ltr'>sunt</span> <span class='ocrx_word' id='word_1_182' title='bbox 867 2676 997 2754; x_wconf 88' lang='lat' dir='ltr'>formae,</span> <span class='ocrx_word' id='word_1_183' title='bbox 1022 2677 1059 2741; x_wconf 92' lang='lat' dir='ltr'>iis</span> <span class='ocrx_word' id='word_1_184' title='bbox 1084 2679 1128 2742; x_wconf 89' lang='lat' dir='ltr'>ita</span> <span class='ocrx_word' id='word_1_185' title='bbox 1146 2681 1253 2758; x_wconf 90' lang='lat' dir='ltr'>utitur,</span> <span class='ocrx_word' id='word_1_186' title='bbox 1280 2683 1324 2757; x_wconf 90' lang='lat' dir='ltr'>ut,</span> <span class='ocrx_word' id='word_1_187' title='bbox 1350 2679 1377 2744; x_wconf 87' lang='lat' dir='ltr'>si</span> 
     </span>
     <span class='ocr_line' id='line_1_22' title="bbox 199 2783 1377 2869; baseline 0.003 -21"><span class='ocrx_word' id='word_1_188' title='bbox 199 2807 263 2848; x_wconf 94' lang='lat' dir='ltr'>uno</span> <span class='ocrx_word' id='word_1_189' title='bbox 294 2785 465 2868; x_wconf 89' lang='lat' dir='ltr'>eodemque</span> <span class='ocrx_word' id='word_1_190' title='bbox 497 2783 565 2848; x_wconf 93' lang='lat' dir='ltr'>loco</span> <span class='ocrx_word' id='word_1_191' title='bbox 596 2784 678 2848; x_wconf 89' lang='lat' dir='ltr'>idem</span> <span class='ocrx_word' id='word_1_192' title='bbox 711 2785 842 2848; x_wconf 88' lang='lat' dir='ltr'>verbum</span> <span class='ocrx_word' id='word_1_193' title='bbox 866 2785 914 2847; x_wconf 91' lang='lat' dir='ltr'>bis</span> <span class='ocrx_word' id='word_1_194' title='bbox 937 2785 987 2848; x_wconf 91' lang='lat' dir='ltr'>vel</span> <span class='ocrx_word' id='word_1_195' title='bbox 1011 2785 1132 2868; x_wconf 91' lang='lat' dir='ltr'>saepius</span> <span class='ocrx_word' id='word_1_196' title='bbox 1156 2787 1230 2869; x_wconf 92' lang='lat' dir='ltr'>poni</span> <span class='ocrx_word' id='word_1_197' title='bbox 1254 2809 1377 2852; x_wconf 90' lang='lat' dir='ltr'>necesse</span> 
     </span>
     <span class='ocr_line' id='line_1_23' title="bbox 201 2877 1376 2975; baseline 0 -19"><span class='ocrx_word' id='word_1_198' title='bbox 201 2894 251 2970; x_wconf 89' lang='lat' dir='ltr'>sit,</span> <span class='ocrx_word' id='word_1_199' title='bbox 276 2892 381 2956; x_wconf 89' lang='lat' dir='ltr'>variae</span> <span class='ocrx_word' id='word_1_200' title='bbox 405 2892 525 2955; x_wconf 86' lang='lat' dir='ltr'>formae</span> <span class='ocrx_word' id='word_1_201' title='bbox 548 2877 580 2956; x_wconf 83' lang='lat' dir='ltr'>se</span> <span class='ocrx_word' id='word_1_202' title='bbox 605 2893 794 2975; x_wconf 84' lang='lat' dir='ltr'>excipiant.“</span> <span class='ocrx_word' id='word_1_203' title='bbox 825 2891 928 2955; x_wconf 84' lang='lat' dir='ltr'>Affert</span> <span class='ocrx_word' id='word_1_204' title='bbox 944 2892 1068 2956; x_wconf 90' lang='lat' dir='ltr'>deinde:</span> <span class='ocrx_word' id='word_1_205' title='bbox 1094 2883 1279 2954; x_wconf 80' lang='grc' dir='ltr'><strong><em>Λάκων-</em></strong></span> <span class='ocrx_word' id='word_1_206' title='bbox 1298 2896 1376 2956; x_wconf 93' lang='grc' dir='ltr'>Λα-</span> 
     </span>
     <span class='ocr_line' id='line_1_24' title="bbox 199 2987 1376 3084; baseline 0.003 -24"><span class='ocrx_word' id='word_1_207' title='bbox 199 2989 419 3076; x_wconf 79' lang='grc' dir='ltr'><strong><em>κεδαιμόνιος;</em></strong></span> <span class='ocrx_word' id='word_1_208' title='bbox 445 2987 592 3060; x_wconf 76' lang='grc' dir='ltr'><em>Γαλάται</em></span> <span class='ocrx_word' id='word_1_209' title='bbox 610 3036 650 3043; x_wconf 90' lang='lat'>-—</span> <span class='ocrx_word' id='word_1_210' title='bbox 666 2991 787 3060; x_wconf 84' lang='grc' dir='ltr'><strong><em>Κελτοί</em></strong></span> <span class='ocrx_word' id='word_1_211' title='bbox 795 3021 804 3072; x_wconf 91' lang='grc'>,·</span> <span class='ocrx_word' id='word_1_212' title='bbox 829 2991 943 3072; x_wconf 76' lang='grc' dir='ltr'><strong><em>Φοίνιξ</em></strong></span> <span class='ocrx_word' id='word_1_213' title='bbox 962 3036 996 3043; x_wconf 87' lang='grc'><strong>-</strong></span> <span class='ocrx_word' id='word_1_214' title='bbox 1016 2990 1256 3084; x_wconf 78' lang='grc' dir='ltr'><strong><em>Καρχηδόνιος,·</em></strong></span> <span class='ocrx_word' id='word_1_215' title='bbox 1280 3023 1376 3082; x_wconf 88' lang='grc' dir='ltr'><strong><em>πρες-</em></strong></span> 
     </span>
     <span class='ocr_line' id='line_1_25' title="bbox 198 3093 1377 3194; baseline 0.003 -28"><span class='ocrx_word' id='word_1_216' title='bbox 198 3097 314 3183; x_wconf 69' lang='lat' dir='ltr'>devici</span> <span class='ocrx_word' id='word_1_217' title='bbox 329 3141 372 3148; x_wconf 98' lang='lat'><em>-</em></span> <span class='ocrx_word' id='word_1_218' title='bbox 388 3100 562 3185; x_wconf 77' lang='grc' dir='ltr'><strong><em>πρέσβεις,·</em></strong></span> <span class='ocrx_word' id='word_1_219' title='bbox 579 3094 738 3183; x_wconf 75' lang='grc' dir='ltr'><strong><em>οἰκειότης</em></strong></span> <span class='ocrx_word' id='word_1_220' title='bbox 750 3141 789 3148; x_wconf 91' lang='grc'>-</span> <span class='ocrx_word' id='word_1_221' title='bbox 804 3093 1039 3188; x_wconf 70' lang='grc' dir='ltr'><strong><em>ἐναγκαιύτηςς</em></strong></span> <span class='ocrx_word' id='word_1_222' title='bbox 1054 3098 1170 3194; x_wconf 77' lang='grc' dir='ltr'><strong><em>ἐκλογή</em></strong></span> <span class='ocrx_word' id='word_1_223' title='bbox 1183 3143 1224 3152; x_wconf 81' lang='lat'>—-</span> <span class='ocrx_word' id='word_1_224' title='bbox 1239 3104 1361 3190; x_wconf 84' lang='grc' dir='ltr'><strong><em>αἵρεσις</em></strong></span> <span class='ocrx_word' id='word_1_225' title='bbox 1367 3131 1377 3185; x_wconf 89' lang='grc'>,·</span> 
     </span>
     <span class='ocr_line' id='line_1_26' title="bbox 198 3199 1377 3297; baseline 0.005 -25"><span class='ocrx_word' id='word_1_226' title='bbox 198 3215 315 3290; x_wconf 83' lang='grc' dir='ltr'><strong><em>παχεῖς</em></strong></span> <span class='ocrx_word' id='word_1_227' title='bbox 344 3247 378 3258; x_wconf 90' lang='grc'>-</span> <span class='ocrx_word' id='word_1_228' title='bbox 405 3199 543 3292; x_wconf 88' lang='grc' dir='ltr'><strong><em>στερεός.</em></strong></span> <span class='ocrx_word' id='word_1_229' title='bbox 590 3211 627 3275; x_wconf 92' lang='lat' dir='ltr'>ln</span> <span class='ocrx_word' id='word_1_230' title='bbox 651 3213 906 3276; x_wconf 87' lang='lat' dir='ltr'>antecedentibus</span> <span class='ocrx_word' id='word_1_231' title='bbox 937 3213 1071 3276; x_wconf 89' lang='lat' dir='ltr'>vidimus</span> <span class='ocrx_word' id='word_1_232' title='bbox 1101 3214 1194 3277; x_wconf 89' lang='lat' dir='ltr'>etiam</span> <span class='ocrx_word' id='word_1_233' title='bbox 1228 3219 1377 3297; x_wconf 91' lang='lat' dir='ltr'>quattuor</span> 
     </span>
     <span class='ocr_line' id='line_1_27' title="bbox 198 3318 1054 3406; baseline 0.001 -24"><span class='ocrx_word' id='word_1_234' title='bbox 198 3319 247 3383; x_wconf 91' lang='lat' dir='ltr'>vel</span> <span class='ocrx_word' id='word_1_235' title='bbox 271 3319 410 3406; x_wconf 83' lang='lat' dir='ltr'>quinque</span> <span class='ocrx_word' id='word_1_236' title='bbox 435 3318 587 3383; x_wconf 91' lang='lat' dir='ltr'>vocabula</span> <span class='ocrx_word' id='word_1_237' title='bbox 609 3341 666 3402; x_wconf 90' lang='lat' dir='ltr'>pro</span> <span class='ocrx_word' id='word_1_238' title='bbox 691 3342 754 3384; x_wconf 92' lang='lat' dir='ltr'>una</span> <span class='ocrx_word' id='word_1_239' title='bbox 777 3320 904 3383; x_wconf 90' lang='lat' dir='ltr'>notione</span> <span class='ocrx_word' id='word_1_240' title='bbox 928 3321 1054 3384; x_wconf 91' lang='lat' dir='ltr'>mutari.</span> 
     </span>
    </p>
   </div>
   <div class='ocr_carea' id='block_1_4' title="bbox 199 3453 1377 4180">
    <p class='ocr_par' dir='ltr' id='par_1_4' title="bbox 199 3453 1377 4180">
     <span class='ocr_line' id='line_1_28' title="bbox 289 3453 1377 3538; baseline 0.002 -20"><span class='ocrx_word' id='word_1_241' title='bbox 289 3453 350 3518; x_wconf 84' lang='lat' dir='ltr'>Sed</span> <span class='ocrx_word' id='word_1_242' title='bbox 373 3454 407 3516; x_wconf 91' lang='lat' dir='ltr'>in</span> <span class='ocrx_word' id='word_1_243' title='bbox 430 3453 535 3518; x_wconf 89' lang='lat' dir='ltr'>animo</span> <span class='ocrx_word' id='word_1_244' title='bbox 560 3454 638 3517; x_wconf 89' lang='lat' dir='ltr'>mihi</span> <span class='ocrx_word' id='word_1_245' title='bbox 662 3477 725 3518; x_wconf 91' lang='lat' dir='ltr'>non</span> <span class='ocrx_word' id='word_1_246' title='bbox 750 3457 796 3518; x_wconf 90' lang='lat' dir='ltr'>est</span> <span class='ocrx_word' id='word_1_247' title='bbox 819 3456 1017 3532; x_wconf 86' lang='lat' dir='ltr'>contendere,</span> <span class='ocrx_word' id='word_1_248' title='bbox 1041 3478 1163 3538; x_wconf 90' lang='lat' dir='ltr'>semper</span> <span class='ocrx_word' id='word_1_249' title='bbox 1185 3461 1216 3519; x_wconf 91' lang='lat' dir='ltr'>et</span> <span class='ocrx_word' id='word_1_250' title='bbox 1231 3458 1377 3521; x_wconf 88' lang='lat' dir='ltr'>omuibus</span> 
     </span>
     <span class='ocr_line' id='line_1_29' title="bbox 201 3559 1377 3645; baseline 0.004 -22"><span class='ocrx_word' id='word_1_251' title='bbox 201 3561 276 3625; x_wconf 91' lang='lat' dir='ltr'>locis</span> <span class='ocrx_word' id='word_1_252' title='bbox 306 3559 477 3644; x_wconf 84' lang='lat' dir='ltr'>Polybium</span> <span class='ocrx_word' id='word_1_253' title='bbox 509 3561 662 3626; x_wconf 87' lang='lat' dir='ltr'>vocabula</span> <span class='ocrx_word' id='word_1_254' title='bbox 692 3567 838 3626; x_wconf 88' lang='lat' dir='ltr'>mutasse.</span> <span class='ocrx_word' id='word_1_255' title='bbox 885 3562 1011 3645; x_wconf 75' lang='lat' dir='ltr'>Reputo</span> <span class='ocrx_word' id='word_1_256' title='bbox 1044 3571 1089 3628; x_wconf 80' lang='lat' dir='ltr'>est</span> <span class='ocrx_word' id='word_1_257' title='bbox 1120 3565 1287 3643; x_wconf 70' lang='lat' dir='ltr'>bertrandi,</span> <span class='ocrx_word' id='word_1_258' title='bbox 1324 3565 1377 3628; x_wconf 87' lang='lat' dir='ltr'>sed</span> 
     </span>
     <span class='ocr_line' id='line_1_30' title="bbox 200 3668 1377 3753; baseline 0.002 -21"><span class='ocrx_word' id='word_1_259' title='bbox 200 3669 397 3751; x_wconf 85' lang='lat' dir='ltr'>exceptiones</span> <span class='ocrx_word' id='word_1_260' title='bbox 430 3668 525 3752; x_wconf 89' lang='lat' dir='ltr'>hujus</span> <span class='ocrx_word' id='word_1_261' title='bbox 558 3669 686 3753; x_wconf 84' lang='lat' dir='ltr'>regulae</span> <span class='ocrx_word' id='word_1_262' title='bbox 714 3673 884 3733; x_wconf 89' lang='lat' dir='ltr'>occurrunt</span> <span class='ocrx_word' id='word_1_263' title='bbox 915 3671 1096 3734; x_wconf 85' lang='lat' dir='ltr'>nonnullae.</span> <span class='ocrx_word' id='word_1_264' title='bbox 1154 3671 1188 3734; x_wconf 94' lang='lat' dir='ltr'>ld</span> <span class='ocrx_word' id='word_1_265' title='bbox 1220 3671 1298 3734; x_wconf 90' lang='lat' dir='ltr'>mihi</span> <span class='ocrx_word' id='word_1_266' title='bbox 1331 3675 1377 3734; x_wconf 91' lang='lat' dir='ltr'>est</span> 
     </span>
     <span class='ocr_line' id='line_1_31' title="bbox 200 3776 1377 3861; baseline 0.001 -22"><span class='ocrx_word' id='word_1_267' title='bbox 200 3777 313 3839; x_wconf 90' lang='lat' dir='ltr'>mirum</span> <span class='ocrx_word' id='word_1_268' title='bbox 339 3778 455 3854; x_wconf 89' lang='lat' dir='ltr'>visum,</span> <span class='ocrx_word' id='word_1_269' title='bbox 486 3776 568 3858; x_wconf 92' lang='lat' dir='ltr'>quod</span> <span class='ocrx_word' id='word_1_270' title='bbox 593 3776 774 3842; x_wconf 86' lang='lat' dir='ltr'>iterationes</span> <span class='ocrx_word' id='word_1_271' title='bbox 798 3777 978 3861; x_wconf 85' lang='lat' dir='ltr'>hujusmodi</span> <span class='ocrx_word' id='word_1_272' title='bbox 1003 3784 1144 3843; x_wconf 89' lang='lat' dir='ltr'>exstant:</span> <span class='ocrx_word' id='word_1_273' title='bbox 1179 3777 1377 3842; x_wconf 86' lang='lat' dir='ltr'>Vocabulum</span> 
     </span>
     <span class='ocr_line' id='line_1_32' title="bbox 199 3883 1376 3968; baseline -0.001 -20"><span class='ocrx_word' id='word_1_274' title='bbox 199 3885 356 3968; x_wconf 85' lang='lat' dir='ltr'>quoddam</span> <span class='ocrx_word' id='word_1_275' title='bbox 381 3883 443 3963; x_wconf 89' lang='lat' dir='ltr'>(vel</span> <span class='ocrx_word' id='word_1_276' title='bbox 467 3884 596 3966; x_wconf 87' lang='lat' dir='ltr'>locutio)</span> <span class='ocrx_word' id='word_1_277' title='bbox 621 3885 813 3948; x_wconf 80' lang='lat' dir='ltr'>inusitatius</span> <span class='ocrx_word' id='word_1_278' title='bbox 836 3886 982 3963; x_wconf 89' lang='lat' dir='ltr'>occurrit,</span> <span class='ocrx_word' id='word_1_279' title='bbox 1006 3885 1151 3967; x_wconf 87' lang='lat' dir='ltr'>deinceps</span> <span class='ocrx_word' id='word_1_280' title='bbox 1170 3884 1292 3967; x_wconf 89' lang='lat' dir='ltr'>saepius</span> <span class='ocrx_word' id='word_1_281' title='bbox 1317 3885 1376 3948; x_wconf 91' lang='lat' dir='ltr'>ite·</span> 
     </span>
     <span class='ocr_line' id='line_1_33' title="bbox 199 3981 1377 4073; baseline 0.001 -18"><span class='ocrx_word' id='word_1_282' title='bbox 199 3995 302 4054; x_wconf 89' lang='lat' dir='ltr'>ratur:</span> <span class='ocrx_word' id='word_1_283' title='bbox 313 3981 411 4052; x_wconf 74' lang='grc' dir='ltr'><strong><em>αὑτὸν</em></strong></span> <span class='ocrx_word' id='word_1_284' title='bbox 425 3981 589 4053; x_wconf 78' lang='grc' dir='ltr'><strong><em>πιστεύειν</em></strong></span> <span class='ocrx_word' id='word_1_285' title='bbox 603 4027 643 4035; x_wconf 95' lang='grc'>-</span> <span class='ocrx_word' id='word_1_286' title='bbox 657 3983 756 4052; x_wconf 75' lang='grc' dir='ltr'><strong><em>αὑτὸν</em></strong></span> <span class='ocrx_word' id='word_1_287' title='bbox 768 3985 952 4073; x_wconf 76' lang='grc' dir='ltr'><strong><em>ἐγχειρίζειν</em></strong></span> <span class='ocrx_word' id='word_1_288' title='bbox 965 3986 1021 4053; x_wconf 84' lang='grc' dir='ltr'>καὶ</span> <span class='ocrx_word' id='word_1_289' title='bbox 1033 3981 1200 4054; x_wconf 76' lang='grc' dir='ltr'><strong><em>πιστεύειν</em></strong></span> <span class='ocrx_word' id='word_1_290' title='bbox 1210 3998 1261 4066; x_wconf 90' lang='grc'>21,</span> <span class='ocrx_word' id='word_1_291' title='bbox 1274 3999 1303 4069; x_wconf 85' lang='grc'>4,</span> <span class='ocrx_word' id='word_1_292' title='bbox 1320 3998 1377 4067; x_wconf 86' lang='lat'>10,-</span> 
     </span>
     <span class='ocr_line' id='line_1_34' title="bbox 200 4088 1177 4180; baseline 0.002 -21"><span class='ocrx_word' id='word_1_293' title='bbox 200 4089 357 4172; x_wconf 77' lang='grc' dir='ltr'><strong><em>ἐξοδεύειν</em></strong></span> <span class='ocrx_word' id='word_1_294' title='bbox 381 4088 658 4180; x_wconf 73' lang='grc' dir='ltr'><strong><em>(στρατεύεσθαι),</em></strong></span> <span class='ocrx_word' id='word_1_295' title='bbox 684 4091 810 4172; x_wconf 58' lang='lat' dir='ltr'>deodata</span> <span class='ocrx_word' id='word_1_296' title='bbox 835 4105 864 4173; x_wconf 89' lang='lat'>4,</span> <span class='ocrx_word' id='word_1_297' title='bbox 880 4104 943 4176; x_wconf 89' lang='grc'>54,</span> <span class='ocrx_word' id='word_1_298' title='bbox 972 4106 986 4163; x_wconf 93' lang='lat' dir='ltr'>l</span> <span class='ocrx_word' id='word_1_299' title='bbox 1014 4103 1045 4162; x_wconf 90' lang='lat' dir='ltr'>et</span> <span class='ocrx_word' id='word_1_300' title='bbox 1070 4104 1122 4175; x_wconf 85' lang='lat'>54,</span> <span class='ocrx_word' id='word_1_301' title='bbox 1148 4107 1177 4162; x_wconf 80' lang='lat'>3.</span> 
     </span>
    </p>
   </div>
   <div class='ocr_carea' id='block_1_5' title="bbox 288 4221 1376 4314">
    <p class='ocr_par' dir='ltr' id='par_1_5' title="bbox 288 4221 1376 4314">
     <span class='ocr_line' id='line_1_35' title="bbox 288 4221 1376 4314; baseline 0.001 -23"><span class='ocrx_word' id='word_1_302' title='bbox 288 4221 394 4314; x_wconf 75' lang='grc' dir='ltr'><strong><em>ύρχειν</em></strong></span> <span class='ocrx_word' id='word_1_303' title='bbox 424 4230 535 4314; x_wconf 87' lang='grc' dir='ltr'><strong><em>χειρῶν</em></strong></span> <span class='ocrx_word' id='word_1_304' title='bbox 564 4223 686 4294; x_wconf 76' lang='grc' dir='ltr'><strong><em>α’δίκων</em></strong></span> <span class='ocrx_word' id='word_1_305' title='bbox 711 4240 740 4309; x_wconf 92' lang='grc'>2,</span> <span class='ocrx_word' id='word_1_306' title='bbox 767 4239 818 4309; x_wconf 88' lang='grc'>45,</span> <span class='ocrx_word' id='word_1_307' title='bbox 844 4236 883 4308; x_wconf 89' lang='grc'>6,·</span> <span class='ocrx_word' id='word_1_308' title='bbox 917 4239 946 4304; x_wconf 91' lang='grc'>2,</span> <span class='ocrx_word' id='word_1_309' title='bbox 973 4239 1023 4308; x_wconf 86' lang='grc'>56,</span> <span class='ocrx_word' id='word_1_310' title='bbox 1052 4238 1101 4297; x_wconf 91' lang='lat'>14.</span> <span class='ocrx_word' id='word_1_311' title='bbox 1127 4221 1376 4307; x_wconf 73' lang='grc' dir='ltr'><strong><em>ἐξάπτεσθαι</em></strong></span> 
     </span>
    </p>
   </div>
   <div class='ocr_carea' id='block_1_6' title="bbox 0 0 1596 4878">
    <p class='ocr_par' dir='ltr' id='par_1_6' title="bbox 0 0 1596 4878">
     <span class='ocr_line' id='line_1_36' title="bbox 0 0 1596 4878; baseline 0 0"><span class='ocrx_word' id='word_1_312' title='bbox 0 0 1596 4878; x_wconf 95' lang='lat' dir='ltr'> </span> 
     </span>
    </p>
   </div>
  </div>
 </body>
</html>
