3176 4878
690 290 971 352 ,6..,

290 485 454 568 Proprium
486 485 617 548 verbum
641 484 723 566 apud
747 487 866 548 veteres
890 487 936 547 est
958 471 1054 565 μάχη,
1088 481 1248 548 interdum
1271 470 1375 563 άγών;

200 592 283 676 apud
306 591 374 657 Pol.
400 615 481 656 nova
505 594 658 675 apparent
682 591 848 656 vocabula:
880 584 1037 666 κίνδυνος,
1066 581 1251 675 συμπλοκή,
1275 583 1374 671 χρεία,

199 689 390 789 παράταξις,
416 687 593 780 άγώνισμα,
619 687 764 782 άθλημα.
811 697 861 760 Ex
890 696 940 760 his
970 689 1118 771 κίνδυνος
1151 697 1260 762 crebro
1287 719 1377 759 usur·

199 808 308 888 patur,
337 805 467 869 fortasse
486 803 629 885 aaepius*
650 825 745 887 quam
776 791 871 887 μάχη.
919 796 1093 887 συμπλοκή
1129 807 1176 867 est
1210 825 1377 868 concursus

200 911 404 989 exercituum,
429 911 527 976 levior
550 933 668 995 pugna,
692 911 745 974 sed
766 912 935 974 occurrunt
957 909 1028 988 loci,
1052 910 1166 994 quibus
1184 910 1267 974 idem
1283 909 1376 988 valet,

201 1018 284 1103 quod
307 1008 402 1102 μάχη,
427 1007 523 1100 dyeia,
548 1011 695 1092 κίνδυνος
719 1019 749 1095 2,
768 1017 821 1094 69,
848 1016 942 1080 1-’4.
962 1053 1001 1061 -
1020 1007 1205 1097 παράταξις
1214 1005 1376 1082 'ordinatio

200 1124 289 1203 εε1ε1,
313 1147 405 1208 saepe
426 1127 548 1210 justum
570 1123 724 1208 proelium
752 1124 780 1200 1,
804 1124 858 1201 40,
885 1123 920 1198 1;
947 1125 977 1200 2,
1002 1123 1055 1201 21,
1081 1125 1115 1198 5;
1141 1125 1171 1201 2,
1196 1125 1250 1200 26,
1275 1123 1304 1187 8.

290 1244 379 1331 χρεία
414 1251 460 1314 est
492 1270 656 1312 commune
688 1246 885 1325 vocabulum,
922 1247 1005 1331 quod
1037 1247 1121 1311 inter
1150 1247 1227 1312 alias
1254 1249 1377 1333 signifi·

201 1357 338 1421 cationes
366 1357 460 1420 etiam
489 1376 644 1438 pugnam,
680 1354 833 1437 proelium
864 1357 963 1418 notat.
1002 1355 1030 1432 1,
1059 1355 1112 1432 84,
1137 1357 1174 1433 7;
1211 1357 1241 1433 5,
1270 1357 1319 1434 13,
1345 1359 1374 1422 7.

202 1466 231 1544 6,
258 1467 310 1543 39,
336 1466 371 1540 2;
396 1465 426 1540 3,
452 1464 504 1541 73,
530 1464 560 1526 2.

289 1577 458 1670 ἀγώνισμα
482 1590 514 1666 3,
538 1590 569 1666 4,
594 1588 629 1664 4;
655 1588 686 1664 3,
711 1586 764 1664 81,
789 1587 819 1647 2.

290 1683 428 1779 άθλημα
455 1696 483 1772 1,
508 1695 561 1774 58,
588 1695 616 1758 l.

292 1821 480 1886 Locutiones
498 1819 624 1904 Polybii
648 1821 687 1884 ad
712 1819 830 1884 bellum
854 1823 885 1884 et
907 1840 1050 1902 pugnam
1072 1821 1263 1904 pertinentes
1285 1823 1375 1895 sunt3

202 1919 394 1990 άναλέλυκεν
417 1921 453 1988 ἐκ
477 1925 534 1989 τοῦ
557 1916 706 1988 κινδύνου
731 1949 747 1990 e
770 1947 879 2010 pugna
902 1926 981 1990 abiit
1008 1927 1058 2004 16,
1085 1928 1135 2004 19,
1165 1927 1214 1990 10.

176 2067 177 2070 ’
290 2044 337 2126 εἰς
371 2043 426 2112 τόν
461 2042 570 2133 α’γῶνα
603 2045 874 2132 συγκαταβαίνειν
913 2052 953 2116 ad
990 2051 1144 2134 proelium
1184 2053 1375 2132 descendere,

201 2181 342 2243 pugnam
373 2158 464 2235 inire,
499 2158 526 2232 1,
563 2160 614 2236 ll,
648 2159 703 2234 133
737 2161 830 2222 antea
858 2151 905 2232 εἷς
928 2147 1032 2242 μάχην
1059 2156 1240 2233 συνελθεῖν,
1273 2154 1377 2236 ἰέναι,·

201 2255 306 2350 μάχην
330 2253 515 2327 συνάπτειν,
558 2348 559 2351 ¹
680 2265 683 2270 '

290 2388 440 2476 λειφθεῖς
463 2388 503 2475 τῇ
526 2380 708 2470 παρατάξει
736 2390 762 2468 l,
788 2391 841 2468 27,
866 2393 884 2453 5
909 2384 1029 2472 pro‘elio
1051 2389 1162 2453 victus.

291 2510 327 2577 ἐκ
351 2513 407 2576 τοῦ
432 2502 697 2597 προϋπάρχοντος
720 2502 914 2598 άθληματος
937 2506 983 2588 εἷς
1007 2502 1277 2597 παραβολώτερον
1292 2505 1376 2599 α’γώ-

202 2642 303 2701 νισμα
321 2623 350 2699 1,
367 2623 420 2700 58,
440 2621 475 2697 1;
499 2609 637 2706 άθλημα
659 2621 796 2704 primum
821 2620 917 2685 habet
933 2620 1040 2696 Plat03
1066 2610 1235 2702 ἀγώνισμα
1251 2623 1376 2706 proprie

203 2731 240 2795 de
276 2728 473 2813 singulorum
505 2728 692 2805 certamine3
729 2729 856 2791 notione
889 2748 1015 2810 pugnae
1048 2749 1111 2790 non
1134 2728 1294 2792 invenitur
1316 2731 1377 2794 nisi

203 2838 284 2919 apud
309 2835 504 2900 Herodotum
534 2835 563 2908 8,
599 2835 639 2898 76
670 2834 786 2917 plurali
809 2855 948 2898 numero.
996 2835 1212 2915 πυργομαχεῖν
1236 2836 1273 2900 de
1297 2839 1375 2900 turri

203 2965 355 3028 pugnare,
380 2944 410 3020 5,
436 2943 488 3019 84,
513 2943 547 3020 2;
580 2943 663 3025 apud
686 2941 766 3006 Xen.
800 2942 884 3006 idem
917 2941 1105 3006 vocabulum
1136 2942 1253 3024 duplici
1277 2944 1376 3028 signi·

202 3051 363 3115 ficatione:
387 3049 500 3112 turrim
516 3070 710 3132 oppugnare,
734 3048 837 3112 Anab.
856 3051 887 3125 7,
904 3049 933 3128 8,
955 3050 993 3112 13
1011 3052 1060 3112 et:
1085 3049 1123 3113 de
1139 3049 1219 3113 turri
1235 3071 1376 3134 pugnare

203 3157 274 3242 Oyr.
300 3159 331 3235 6,
355 3157 387 3234 4,
415 3157 465 3219 18.
899 3142 901 3147 ’

291 3263 496 3343 βιαιομαχεῖν
518 3263 656 3326 maxima
679 3263 710 3327 vi
726 3283 879 3346 pugnare,
903 3263 995 3346 prim.
1012 3263 1095 3345 apud
1114 3262 1180 3326 Pol.
1204 3263 1231 3341 1,
1249 3264 1301 3341 27,
1321 3264 1375 3340 12;

204 3372 234 3450 5,
260 3371 313 3449 84,
337 3372 368 3434 2.

270 3472 472 3558 συντρέχειν
502 3469 549 3551 εἰς
579 3467 639 3550 τάς
669 3475 776 3557 χεῖρας
803 3476 823 3539 1.
859 3498 911 3560 qu.
948 3467 1132 3551 συνάπτειν,
1166 3473 1309 3538 συνιέναι
1331 3469 1377 3551 εἷς

202 3577 262 3660 τάς
285 3584 391 3667 χεῖρας
415 3583 549 3648 elocutio
571 3582 667 3667 paulo
691 3583 824 3646 validior
847 3587 878 3646 et
900 3581 1129 3667 significantior
1156 3604 1251 3666 quam
1274 3583 1375 3648 solita.

204 3694 235 3771 2,
261 3694 314 3770 33,
339 3693 368 3754 5.

291 3803 463 3896 άξιόχρεως
486 3837 578 3898 saepe
602 3837 673 3879 cum
696 3813 857 3879 vocabulis
881 3813 1071 3880 militaribus
1087 3814 1289 3897 conjunctum
1305 3838 1375 3880 curn

202 3924 329 3988 notione
359 3927 463 4007 aptae,
480 3943 567 4006 par:
603 3913 731 4008 φυλακη
760 3909 932 4004 ἀξιόχρεως
960 3923 991 3999 3,
1018 3922 1070 4000 17,
1094 3923 1129 3997 9;
1164 3957 1201 3966 -
1231 3911 1376 4004 άνταγω-

204 4019 314 4114 νιστης
337 4032 368 4109 2,
392 4032 445 4109 46,
470 4033 503 4108 3;
529 4053 600 4095 cum
623 4029 851 4114 praepositione
874 4018 972 4111 πρόςε
998 4017 1207 4111 στρατόπεδα
1230 4018 1379 4110 άξιόχρεα

205 4131 287 4221 πρὸς
316 4125 422 4221 μάχην
457 4138 484 4217 l,
520 4138 571 4216 19,
606 4140 634 4201 1.
682 4137 787 4202 Antea
811 4135 998 4200 vocabulum
1025 4158 1087 4200 non
1112 4135 1285 4215 invenitur,
1318 4136 1377 4200 nisi

208 4243 359 4309 absolute.
