3176 4878
669 284 890 345 *54*-

192 476 379 558 judicanda,
411 500 492 561 quae
524 483 566 542 et·
580 478 698 542 evitato
721 478 824 554 hictu,
859 482 894 540 ut
917 478 1008 541 multi
1035 483 1066 543 et
1090 479 1173 544 docti
1198 481 1259 544 viri
1280 503 1371 564 saepe

194 583 417 665 probaverunt,
444 587 483 652 et,
508 588 544 646 ut
561 584 640 647 mihi
657 583 789 661 videtur,
814 584 988 648 variatione
1009 585 1119 649 crebro
1136 586 1281 651 adhibita
1297 590 1371 652 satis

195 695 241 754 est
274 692 447 772 perspicuo.
495 690 639 756 Varietio
675 692 758 756 enim
791 696 876 755 certa
908 692 978 776 lege
1007 699 1189 775 usurpetur,
1222 717 1261 758 ne
1287 695 1369 760 idem

193 795 382 860 vocabulum
406 803 474 860 arto
499 799 601 880 spatio
628 799 750 880 saepius
774 805 926 862 occurrat.

283 903 399 978 Quodsi
430 905 613 988 scriptorem
647 911 746 969 certes
778 905 862 989 leges
893 906 953 970 sibi
988 891 1222 988 pressoripsisse
1257 893 1370 990 easque

194 1013 336 1074 secutum
359 1033 423 1075 esse
447 1011 650 1075 manifestum
674 1017 729 1089 est,
754 1013 934 1096 negandum
957 1017 1011 1090 est,
1042 1014 1124 1095 quod
1150 1011 1284 1078 Cobetus
1309 1013 1369 1078 Po·

195 1117 313 1200 lybium
339 1118 615 1200 neglegentissime
639 1119 784 1182 historias
807 1120 1015 1201 composuisse
1039 1120 1124 1183 dicit.

270 1223 462 1309 ,Rhythmus
487 1248 559 1289 vero
583 1249 676 1310 quem
698 1248 854 1303 vocamus
879 1227 982 1290 nullus
998 1226 1063 1290 fere
1084 1227 1178 1290 estin
1196 1228 1263 1310 ejus
1280 1226 1369 1290 libris

193 1331 253 1395 nisi
277 1333 360 1416 quod
384 1331 515 1395 fortasse
538 1332 570 1394 in
591 1333 653 1396 fine
670 1333 823 1397 enuntiati
840 1333 935 1416 poulo
951 1332 1133 1417 diligentior
1148 1331 1210 1396 fuit
1226 1332 1368 1416 longiore

95 1457 100 1471 ·
193 1437 346 1503 vocabulo
370 1443 425 1502 aut
447 1431 482 1499 ‘eb
505 1431 559 1500 did
584 1437 673 1500 δυοῖν
697 1444 752 1504 aut
775 1441 1104 1504 circumlocutionibus
1127 1440 1246 1522 positis,

282 1545 339 1608 Est
370 1545 504 1628 denique
534 1569 635 1611 sermo
663 1548 835 1623 surrectio,
864 1547 917 1630 qui
941 1547 1051 1610 docere
1078 1546 1147 1610 vult
1174 1546 1368 1611 audientium

196 1653 316 1716 animos
340 1657 370 1716 ct
394 1674 529 1715 summas
554 1675 671 1736 magna
694 1653 814 1737 ingenii
837 1654 868 1716 vi
892 1653 1086 1736 excogitatas
1110 1675 1159 1716 res
1183 1674 1284 1735 neque
1307 1653 1367 1716 sibi

78 1741 82 1746 ⁵
137 1844 142 1849 ἡ
193 1758 232 1822 ad
244 1760 436 1824 narrandum
448 1781 548 1842 neque
561 1759 760 1823 audientibus
777 1761 815 1824 ad
831 1760 1072 1844 intelligendum
1085 1759 1228 1822 difficiles
1241 1760 1367 1824 reddere

132 1848 136 1854 ¹
193 1867 225 1930 in
251 1869 355 1931 animo
380 1867 485 1931 babet.

281 1973 365 2048 Jam,
391 1978 426 2037 ut
449 1975 545 2038 finem
569 1974 747 2057 disputandi
772 1974 933 2050 faciemus,
958 1973 1107 2055 Polybius
1131 1993 1194 2036 uon
1210 1972 1311 2037 solum
1328 1994 1367 2036 ex

193 2079 318 2163 Polybii
345 2081 449 2157 libris,
480 2082 533 2146 sed
557 2081 653 2144 etiam
676 2103 714 2143 ex
737 2103 793 2144 sua
820 2085 923 2144 aetate
946 2082 1036 2146 nobis
1060 2079 1286 2144 examinandus
1309 2082 1365 2144 est.

192 2187 274 2250 Tum
304 2193 394 2251 erent
418 2187 530 2252 Graeci
554 2188 685 2251 dicionis
710 2186 870 2251 Romanae
893 2187 984 2264 facti,
1012 2187 1096 2250 inter
1118 2209 1150 2250 se
1174 2175 1366 2259 dissidentes,

191 2316 247 2377 per
277 2315 384 2356 omnes
408 2294 550 2376 regiones
574 2293 714 2376 dispersi,
738 2317 756 2356 e
779 2297 905 2376 petrum
928 2294 1080 2356 institutis
1104 2293 1208 2369 alieni,
1232 2292 1364 2356 alierum

192 2401 335 2485 gentium
359 2405 390 2464 et
414 2401 532 2484 linguis
556 2403 586 2465 et
610 2399 748 2464 moribus
768 2401 911 2482 subjecti,
934 2406 970 2462 ut
985 2404 1142 2482 postremo
1159 2399 1283 2482 Polybii
1300 2398 1365 2462 elo-

191 2508 348 2570 cntionem
373 2508 518 2571 tristioris
542 2507 728 2571 conditionis
751 2529 813 2570 non
839 2529 903 2572 esse
923 2529 994 2590 Jure
1018 2508 1177 2571 miremur.
