3176 4878
699 280 889 342 -7-

298 461 452 555 κραταιός
482 462 569 553 άχσίν
600 472 680 537 aeris
714 493 823 556 pugna
853 473 884 550 2,
915 473 967 550 69,
1000 473 1037 547 8;
1073 461 1226 552 κραταιός
1254 474 1385 537 verbum

210 580 377 663 posticum,
401 579 434 643 in
457 579 628 661 posteriore
643 601 736 663 prosa
752 579 922 656 invenitur,
946 580 1028 662 apud
1046 578 1125 658 Ρολ,
1143 578 1239 658 Plut,
1255 578 1383 645 Luc.—

209 684 372 771 κραταιιιῖς
395 686 428 749 in
452 685 672 769 Septuaginta.

298 783 385 876 α’χών
408 784 552 866 νεανικός
576 793 656 856 aeris
678 814 787 877 pugna
813 794 864 870 10,
881 793 934 870 31,
952 794 986 870 73
1011 793 1198 857 vocabulum
1215 794 1385 858 maximam

209 905 330 984 partem
353 905 519 984 poetarum
543 900 725 982 proprium‚'
738 901 772 964 in
795 921 888 983 prosa
911 922 950 964 ex
973 899 1193 965 Demosthenis
1217 905 1328 966 aetate.

212 1087 214 1090 ⁵
298 1087 417 1177 άμαχεί
438 1097 506 1160 sine
528 1118 637 1180 pugna
663 1097 691 1174 1,
717 1097 770 1174 84,
796 1097 830 1174 7;
854 1095 926 1160 inde
950 1120 969 1160 a
993 1095 1093 1160 Thue.
1119 1131 1159 1140 -

299 1195 334 1265 αῖ
368 1192 515 1264 καθόλου
551 1197 608 1264 καί
640 1195 725 1264 κατά
759 1197 856 1283 μέρος
883 1191 985 1282 μάχαι
1018 1203 1068 1282 11,
1096 1203 1146 1282 19,
1172 1204 1208 1282 2,·
1242 1195 1277 1264 αῖ
1300 1194 1385 1265 κατά

208 1305 306 1390 μέρος
328 1310 430 1393 χρεῖαι
457 1311 506 1388 10,
532 1311 584 1389 33,
611 1311 629 1372 2
654 1309 785 1373 leviores
809 1329 948 1392 pugnam
973 1300 1004 1370 οῖ
1028 1301 1112 1370 κατά
1132 1303 1229 1391 μέρος
1244 1301 1386 1372 κίνδυνοι

212 1419 262 1496 10,
288 1418 341 1492 32,
366 1418 407 1492 9;

297 1515 367 1608 ἦέκ
382 1519 487 1606 χειρός
502 1520 559 1585 καί
574 1513 771 1606 συστάδην
787 1513 872 1607 μάχη
892 1523 942 1602 13,
960 1524 990 1600 3,
1007 1524 1042 1598 4;
1060 1526 1153 1586 antea
1169 1510 1381 1587 σοσταδόν.-

355 1740 403 1804 Ι)ε
426 1739 596 1818 voeabulis‚
621 1761 702 1824 quae
726 1739 765 1802 ad
789 1740 888 1803 aciem
911 1738 1049 1802 militum
1072 1739 1241 1822 pertinent.

299 1881 391 1965 Apud
425 1881 544 1965 priores
574 1872 676 1960 τάξις,
699 1881 863 1945 instructo
888 1881 1051 1957 exereitus,
1076 1881 1171 1957 aeies;
1207 1880 1385 1964 saepissime

209 1991 292 2072 apud
302 1989 382 2067 Pol„
400 1989 459 2052 nisi
472 1989 555 2073 quod
569 1989 651 2072 apud
665 2011 736 2052 eum
749 1989 844 2052 etiam
856 1987 987 2071 pluralis
999 2009 1147 2051 numerus
1159 1987 1264 2051 locum
1276 1987 1383 2052 hebet.

298 2086 480 2179 παράταξις
502 2095 599 2160 semel
621 2096 705 2178 apud
729 2095 840 2174 Thus,
865 2094 975 2159 crebro
999 2094 1080 2178 apud
1105 2098 1258 2158 nostrum.

297 2195 426 2278 ἔκταξις
449 2203 586 2286 primum
610 2203 692 2286 apud
716 2200 783 2267 Pol.
811 2203 862 2280 10,
887 2203 941 2281 39,
966 2203 1001 2279 5;

296 2418 404 2483 Verba
436 2417 641 2482 inveniuntur
671 2407 816 2494 τάττειν,·
848 2405 1080 2498 παρατάττειν,
1111 2415 1183 2480 inde
1216 2438 1235 2479 e
1268 2412 1384 2486 Thuc.;

209 2514 448 2608 παρεμβάλλειν
474 2524 566 2609 prim.
596 2525 678 2606 apud
707 2523 775 2587 Pol.
807 2524 916 2604 (etiam
948 2522 1170 2606 intransitive),
1207 2523 1236 2600 1,
1268 2522 1321 2601 32,
1354 2527 1384 2590 7.
1409 2561 1411 2564 ·

209 2635 239 2711 a,
265 2635 317 2711 65,
345 2634 399 2708 10;
424 2634 455 2711 5,,
480 2635 534 2712 69,
559 2635 588 2698 7.

297 2738 488 2818 διακοσμεῖν
513 2741 542 2819 2,
568 2740 622 2818 28,
646 2742 680 2817 2;
712 2740 844 2803 verbum
867 2738 1023 2821 podticum
1052 2737 1112 2803 hae
1140 2743 1223 2804 certe
1247 2741 1385 2804 notione.

296 2842 513 2931 τριφαλαχχία
537 2850 567 2927 6,
593 2848 646 2926 49,
673 2847 731 2922 11;
756 2845 848 2928 prim.
874 2846 956 2929 apud
981 2845 1046 2909 Pol.
1083 2845 1161 2909 Item
1187 2840 1385 2932 διφαλαγγία

209 2957 239 3032 a,
265 2957 317 3033 ee,
343 2956 374 3018 9.

297 3055 435 3142 ἔμβολον
458 3063 539 3126 acies
563 3082 661 3126 cuneo
685 3054 799 3125 similis
821 3063 849 3140 1,
875 3063 928 3139 26,
956 3060 1010 3136 13;
1034 3059 1114 3124 Xen.
1139 3060 1385 3140 11ε11.7,5,22;

297 3170 379 3251 apud
403 3169 544 3234 Aeneam
568 3172 643 3232 taet.
668 3191 694 3233 ο.
722 3170 761 3232 19
785 3167 953 3232 masculini
976 3168 1109 3252 generis.

296 3269 471 3354 δισχιλίους
494 3270 528 3337 ἐν
552 3269 747 3360 ἐπικαμπίῳ
771 3271 971 3358 παρενέβαλε
988 3277 1017 3354 5,
1037 3276 1088 3354 82,
1107 3277 1126 3339 9
1151 3279 1280 3339 curvata
1302 3274 1387 3339 linea

207 3384 384 3458 const'tuit;
417 3384 556 3467 primum
587 3384 624 3447 de
648 3383 707 3448 hoe
731 3383 822 3447 modo
847 3384 924 3448 eeiei
952 3384 1035 3466 apud
1060 3381 1156 3461 Xen,
1194 3374 1388 3466 ε’πικαμπήν

207 3491 383 3554 ποιεῖσθαι
400 3490 471 3576 Oyr.
490 3494 519 3570 7,
540 3492 568 3569 1,
587 3493 621 3568 6;
639 3495 802 3574 praeterea
818 3491 900 3574 apud
917 3491 1001 3554 hune
1017 3479 1220 3570 ἐπικάμπειν
1238 3490 1267 3569 4,
1284 3490 1314 3567 2,
1328 3489 1386 3554 20;

208 3598 311 3662 Anab.
339 3598 367 3672 1,
394 3599 422 3676 8,
449 3600 505 3677 23;

296 3693 506 3787 άμφίστομος
530 3693 665 3782 δύναμις
690 3705 721 3782 2,
746 3703 797 3782 28,
823 3707 858 3782 6;

295 3801 387 3886 τάξις
404 3814 433 3891 2,
452 3813 505 3890 29,
523 3813 558 3888 4;
583 3813 752 3895 (exereitus
768 3813 844 3876 duas
859 3813 979 3878 frontes
996 3812 1136 3890 habens).
1176 3801 1388 3897 ἀμφίστομος

207 3919 409 4002 conjunctum
433 3907 673 3998 ammiratum,
698 3909 789 3994 τάξις
812 3920 903 4003 prim.
930 3921 1010 4002 apud
1036 3924 1189 3986 nostrum.

297 4021 356 4088 ἐπὶ
378 4020 457 4105 μίαν
479 4025 557 4088 ναῦν
580 4017 709 4089 τάττειν
732 4017 848 4088 στόλον
871 4050 934 4091 uno
958 4028 1066 4092 ordine
1089 4029 1218 4093 classem
1234 4030 1389 4093 instruere

211 4136 239 4212 1,
264 4135 306 4197 26
331 4139 362 4198 et
386 4135 442 4209 273
468 4128 526 4194 ε’πὶ
542 4125 626 4194 πολδ
642 4128 852 4215 παρατείνας,
877 4134 1009 4200 subinde
1025 4130 1228 4218 παρεξέτεινε
1250 4139 1387 4214 συνεχεῖς

208 4243 238 4320 3,
272 4241 325 4321 83,
355 4243 391 4318 3;
424 4241 518 4306 etiam
543 4240 701 4324 genitivus
724 4241 757 4302 in
781 4241 840 4305 hae
863 4241 1000 4306 formula
1031 4242 1292 4325 deprehenditur:
1330 4237 1389 4306 ἐπὶ
