3176 4878
199 847 204 857 ·
318 756 371 825 Ad
402 760 576 844 Polybiane
612 761 715 824 studia
754 765 791 824 ut
824 783 874 826 me
906 765 1121 826 converterem
1155 783 1227 826 cum
1259 757 1373 825 scholis

203 866 437 944 aWoelfflin0‚
461 867 613 952 magistro
637 867 825 946 doctissimo,
849 869 882 932 in
905 869 1073 933 seminario
1095 868 1288 954 philologico
1304 867 1374 932 Mo·

202 974 327 1037 nacensi
351 973 468 1038 habitis
491 978 558 1038 turn
582 975 679 1038 variis
702 975 740 1038 de
756 973 889 1059 Polybio
912 975 1074 1038 sententiis
1097 997 1165 1038 sum
1190 979 1373 1039 commotus

293 1097 386 1162 Haud
406 1097 499 1162 facile
520 1099 604 1162 enim
624 1099 791 1183 quisquam
811 1105 858 1163 ost
873 1099 1016 1182 scriptor,
1042 1099 1079 1163 de
1095 1101 1184 1183 cujus
1200 1099 1375 1164 elocutione

202 1208 268 1268 tam
291 1205 377 1269 vbrie
396 1206 566 1288 judicetur.
605 1205 708 1270 Alteri
732 1207 824 1270 illum
847 1207 986 1289 expolito
1009 1211 1104 1290 atque
1131 1206 1215 1289 picto
1239 1207 1376 1290 quodam

202 1310 324 1374 dicendi
341 1333 456 1395 genere
475 1335 567 1375 usum
588 1335 652 1376 esse
673 1317 797 1395 putant,
822 1313 914 1377 alteri
935 1314 1108 1378 orationem
1125 1313 1266 1378 elimasse
1281 1319 1375 1398 atque

202 1419 400 1482 exornavisse
423 1423 552 1503 negant.
600 1419 802 1484 Oasaubonus
829 1421 956 1504 quidem
985 1420 1022 1484 ad
1048 1419 1173 1485 Atticae
1200 1420 1376 1504 elegantiae
1486 1485 1489 1494 ,

202 1525 286 1607 leges
310 1523 434 1610 Polybii
458 1526 566 1588 stilum
594 1527 815 1610 detorquebat,
840 1531 949 1590 contra
974 1525 1108 1591 Cobetns
1135 1528 1319 1610 scriptorem
1341 1527 1375 1591 in

201 1625 274 1696 stilo
298 1631 428 1695 molesto
452 1636 484 1695 et
506 1632 606 1715 plebis
633 1632 778 1714 linguam
809 1633 968 1698 redolente
998 1641 1154 1697 versatum
1188 1657 1252 1698 esse
1285 1633 1374 1698 dixit.

201 1737 239 1802 ln
269 1739 372 1802 medio
404 1739 550 1802 virtutem
578 1775 617 1784 -
648 1740 791 1824 equidem
822 1762 944 1815 cense03
975 1762 1037 1803 non
1070 1763 1143 1804 sane
1174 1741 1375 1804 infitiandum

201 1850 257 1924 est,
281 1846 486 1930 rhythmum,
512 1869 606 1929 quem
630 1868 792 1926 vocamus,
823 1845 949 1931 Polybii
980 1847 1155 1910 elocutione
1188 1869 1305 1932 magna
1337 1870 1375 1912 ex

201 1957 291 2035 perte
315 1951 452 2015 alienum
476 1974 554 2029 esse,
582 1952 642 2017 nisi
670 1955 752 2037 quod
777 1953 907 2018 fortasse
931 1955 965 2018 in
988 1954 1050 2018 fine
1074 1954 1229 2018 enuntiati
1261 1954 1374 2037 ampli-

201 2058 307 2122 oribus
331 2059 492 2123 vocabulis
516 2063 547 2122 et
569 2059 765 2144 longioribus
789 2059 932 2124 formulis
955 2061 1056 2124 utitur
1079 2064 1134 2123 aut
1157 2051 1193 2120 ‘dv
1215 2055 1270 2122 diu
1286 2059 1376 2122 δυοῖν

201 2165 284 2248 quod
308 2165 440 2229 dicimus
463 2165 602 2230 adhibet.

293 2272 335 2335 At
369 2273 797 2358 quodneglegentissimum
833 2274 928 2338 fuisse
962 2275 1145 2357 scriptorem
1179 2275 1213 2338 in
1246 2274 1376 2338 dicendo

201 2379 374 2464 arbitratur
398 2379 543 2458 Cobetus,
567 2381 627 2444 hoc
650 2403 686 2445 eo
709 2381 777 2463 ipso
801 2381 967 2458 refellitur,
991 2381 1085 2463 quod,
1110 2385 1145 2444 ut
1168 2380 1222 2444 alii
1247 2380 1376 2444 demon-

200 2491 393 2565 straverunt,
422 2508 561 2550 morosus
593 2491 639 2550 est
670 2488 704 2551 in
734 2488 824 2551 hiatu
856 2488 1020 2566 evitando,
1052 2492 1084 2552 et
1116 2487 1217 2576 quod,
1250 2494 1286 2551 ut
1317 2508 1376 2570 ego

202 2614 312 2656 censeo
335 2597 366 2656 et
390 2594 541 2676 exemplis
565 2594 719 2676 probabo,
748 2595 780 2658 in
805 2594 962 2659 variandis
986 2599 1018 2658 εὴ
1041 2595 1200 2659 vocabulis
1232 2599 1263 2658 et
1292 2594 1376 2658 noti-

201 2699 313 2763 onibus
336 2722 400 2764 non
423 2701 543 2764 minore
568 2699 634 2764 fere
657 2701 757 2764 utitur
781 2700 955 2784 diligentia.
1351 2707 1353 2710 ’

291 2806 389 2889 Atqui
416 2806 538 2890 Polybii
567 2808 662 2871 dictio
691 2809 855 2871 castrensis
883 2807 1060 2891 appellatur
1090 2806 1282 2884 aFolardo,
1307 2805 1375 2870 viro

202 2912 390 2977 doctissimo.
436 2912 525 2989 Quod
549 2905 594 2977 ita
617 2914 857 2998 intelligendum
882 2937 946 2978 esse
970 2914 1129 2990 existimo,
1158 2917 1193 2976 ut
1216 2913 1276 2976 hac
1300 2934 1375 2976 voce

201 3017 317 3102 partim
341 3020 544 3084 commoditas
567 3020 623 3084 illa
651 3025 683 3084 et
710 3020 846 3084 facilitas
870 3021 1006 3097 dicendi,
1039 3042 1119 3104 quae
1150 3019 1250 3084 libera
1283 3022 1330 3082 est
1357 3041 1376 3081 a

201 3126 371 3190 festivitate
399 3127 550 3190 sermonis
583 3132 614 3191 et
645 3127 685 3190 ob
718 3150 786 3191 eam
815 3149 881 3191 rem
912 3127 1021 3191 castris
1053 3127 1166 3211 digna,
1197 3125 1313 3209 partim
1343 3124 1375 3188 id

201 3233 413 3316 significetur,
442 3235 525 3318 quod
549 3233 766 3318 Polybiustam
790 3235 908 3298 multus
939 3241 985 3298 est
1011 3234 1160 3298 inbellis
1184 3231 1374 3316 exponendis

203 3345 235 3405 et
256 3341 340 3403 inre
361 3340 491 3404 militari
508 3340 721 3417 describenda,
747 3345 782 3402 ut
802 3341 946 3404 militaris
967 3363 1065 3424 paene
1086 3341 1246 3423 scriptoris
1262 3360 1375 3402 munus

202 3447 337 3530 expleat.
377 3447 444 3522 Quo
469 3447 500 3510 in
526 3468 668 3512 sermone
692 3447 795 3511 maella
821 3448 870 3530 (ut
893 3449 983 3510 nobis
1006 3448 1132 3530 quidem
1156 3446 1277 3530 opinari
1302 3445 1376 3510 licet

201 3556 250 3616 tot
273 3575 376 3617 rerum
401 3553 606 3636 scriptoribus
630 3558 703 3616 ante
727 3553 895 3638 Polybium
919 3552 1100 3636 deperditis)
1124 3575 1253 3616 novasse
1271 3552 1375 3641 'scrip-

201 3663 301 3723 torem
325 3661 358 3723 in
382 3660 533 3724 vocabilis
557 3659 743 3724 adhibendis
764 3665 1008 3724 consentaneum
1025 3665 1080 3725 est.
1121 3659 1206 3724 Haec
1222 3658 1375 3723 vocabula

202 3788 272 3830 curn
289 3767 484 3848 superiorum
506 3789 563 3829 usu
584 3788 766 3849 comparare
786 3767 864 3830 mihi
885 3769 1043 3851 proposui,
1068 3772 1162 3850 atque
1177 3768 1222 3830 ita
1239 3766 1375 3850 quidem,

202 3878 238 3937 ut
267 3864 405 3957 primum
433 3896 534 3956 pauca
566 3874 758 3956 disputemus
791 3875 829 3938 de
862 3876 954 3954 copia
984 3875 1164 3948 verborum,
1197 3873 1307 3938 deinde
1338 3873 1376 3936 de

203 3999 308 4045 eorum
330 3980 481 4044 unioemo
504 3979 609 4044 indole
633 4001 834 4062 exponamus
