3176 4878
723 355 943 417 -28-

242 547 279 613 In
311 547 428 611 deliciis
461 547 557 612 habet
581 547 647 610 Pol.
672 541 884 623 πλοίζεσθαι,
916 549 997 632 quod
1029 555 1114 612 raro'
1131 550 1213 632 apud
1242 550 1418 632 superiores

242 659 420 738 usurpatur.

332 749 488 822 θάλασσα
523 751 769 825 πλωτεόεται
804 783 889 826 mare
916 762 1141 844 pernavigatur
1179 763 1228 838 16,
1265 765 1318 842 29,
1357 764 1416 845 11;

241 869 333 951 prim.
359 868 441 951 apud
464 872 616 932 nostrum.
1202 941 1204 948 ,

330 975 536 1052 ταχυναυτεῖν
565 976 633 1058 jam
664 975 748 1056 apud
771 973 872 1037 Thuc.
898 973 1041 1056 legimus
1064 975 1117 1038 sed
1141 973 1209 1038 Pol.
1234 976 1359 1040 demum
1383 978 1417 1041 in

242 1083 394 1167 linguam,
420 1105 501 1165 quae
525 1085 663 1158 vocatur,
688 1081 844 1144 literatam
869 1081 1040 1144 transtulit.

332 1180 507 1266 ὁμοπλοεῖν
530 1211 593 1252 una
617 1189 776 1272 navigare,
801 1187 897 1252 semel
921 1192 952 1252 et
975 1188 1066 1271 prim.
1092 1190 1174 1272 apud
1192 1193 1334 1254 nostrum
1351 1191 1417 1254 die·

241 1300 309 1358 tum
335 1295 467 1358 videtur.

334 1396 550 1485 ίστιοδρομεῖν
580 1402 657 1466 velis
690 1403 833 1486 expansis
867 1402 1033 1486 navigare,
1065 1400 1143 1476 ναός
1167 1394 1418 1484 ἱστιοδρομοῦσα

248 1520 275 1588 1,
302 1517 353 1589 60,
380 1518 409 1576 9.

339 1617 452 1683 Velum
469 1622 515 1682 est
530 1617 686 1682 veteribus
703 1609 814 1692 luctor,
840 1618 923 1700 quod
939 1619 972 1682 in
984 1617 1052 1681 Pol.
1070 1617 1159 1680 libris
1175 1640 1238 1680 non
1255 1618 1371 1682 inveni.
1384 1656 1416 1663 -

243 1726 311 1790 Pol.
342 1726 461 1810 primus
493 1725 604 1788 habet:
639 1713 825 1798 ἐκπετάσας
857 1722 943 1786 πᾶσι
971 1725 1041 1798 τοῖς
1071 1714 1221 1806 α’ρμένοις
1248 1731 1275 1799 l,
1302 1731 1353 1801 44,
1381 1733 1419 1802 3,·

243 1822 455 1914 ἐπαράμενος·
478 1824 535 1894 τόν
558 1820 682 1894 δόλωνα
711 1837 758 1909 16,
793 1833 842 1910 15,
872 1834 906 1904 2;
937 1821 1040 1893 δόλων
1067 1835 1113 1896 est
1139 1831 1304 1896 minimum
1328 1833 1419 1896 navis

243 1941 357 2004 velum.
405 1939 524 2004 Vocab.
549 1939 640 2022 prim.
666 1939 747 2021 apud
771 1937 838 2001 Pol.

333 2045 395 2110 Pro
411 2043 694 2128 περαιοῦσθαι,
720 2045 854 2109 traicere
876 2067 967 2127 saepe
988 2044 1140 2109 habemus
1162 2041 1419 2124 διακομίζεσθαι

244 2157 275 2217 et
306 2145 454 2234 διαίρειν;
486 2145 532 2226 εἰς
560 2139 708 2234 Σαρδόνα
740 2148 828 2235 διῆρε
862 2159 887 2226 1,
914 2158 965 2228 24,
992 2159 1031 2227 5,·
1064 2141 1178 2234 διόρας
1208 2145 1264 2214 τόν
1294 2143 1419 2215 κόλπον

246 2267 275 2333 5,
305 2266 353 2335 16,
381 2267 415 2337 5;
447 2253 581 2339 διαίρειν
611 2259 702 2341 prim.
736 2258 818 2340 apud
842 2263 993 2322 nostrum.
1040 2258 1201 2323 Traiectus
1231 2264 1277 2324 est
1303 2260 1419 2324 iudea

245 2366 324 2430 Xen.
350 2358 528 2452 όπερβολή;
553 2359 674 2445 δίαρμα
697 2366 788 2447 prim.
815 2366 898 2448 apud
922 2365 988 2430 Pol.
1014 2365 1148 2430 Solitum
1172 2366 1293 2444 vocat,
1321 2367 1416 2432 etiarn

245 2475 328 2557 apud
352 2479 503 2552 nostrum,
528 2463 681 2551 διάβασις
705 2477 759 2536 est.

428 2671 474 2736 De
498 2672 642 2734 universa
665 2670 889 2734 vocabulorum
913 2670 1097 2734 militarium
1120 2672 1234 2738 indole.

480 2814 520 2887 A.
558 2813 603 2876 De
627 2812 797 2876 multorum
821 2811 1044 2876 vocabulorum
1068 2815 1178 2877 causis.

491 2957 527 3020 B.
565 2957 612 3020 De
636 2955 775 3020 fontibus
801 2955 911 3019 horum
935 2955 1169 3020 vocabulorum.

696 3098 735 3161 A.
760 3098 785 3160 I.
812 3096 965 3197 Variatio.

334 3240 408 3304 Janr
438 3242 463 3304 si
495 3263 545 3319 ea,
578 3264 658 3324 quae
682 3241 765 3304 diota
795 3245 883 3317 sunt,
915 3239 1097 3323 diligentius
1126 3242 1353 3320 examinamus,
1386 3243 1418 3307 id

246 3349 442 3429 potissimum
464 3348 521 3410 sub
546 3348 651 3411 oculos
674 3347 766 3424 cadit,
792 3346 875 3429 quod
891 3345 958 3410 Pol.
974 3347 1097 3430 ingenti
1113 3347 1178 3411 fere
1193 3348 1416 3412 vocabulorum

246 3455 294 3518 vel
319 3477 471 3518 novorum
496 3454 544 3518 vel
567 3455 599 3517 in
624 3476 738 3518 novum
755 3475 878 3516 sensum
896 3453 1118 3518 translatorum
1135 3455 1225 3538 copia
1242 3478 1331 3518 nsum
1352 3477 1418 3519 esse

247 3562 395 3626 videmus.
442 3562 484 3625 llt
516 3585 641 3626 causam
678 3561 772 3644 hujus
807 3561 853 3625 rei
884 3563 1048 3645 quaerenti
1083 3585 1120 3626 ea
1153 3562 1310 3626 videbitur
1343 3583 1418 3646 gra·

248 3669 374 3732 vissima
398 3692 471 3748 esse,
498 3670 580 3752 quod
597 3669 729 3752 scriptor
753 3691 846 3731 unam
864 3669 1055 3751 eandemque
1071 3668 1229 3731 notionem
1250 3669 1282 3731 in
1298 3670 1419 3733 duobus

247 3775 296 3839 vel
320 3776 420 3840 tribus
444 3775 624 3853 enuntiatiS,
649 3775 724 3858 quin
741 3775 838 3840 immo
861 3776 892 3840 in
918 3797 980 3838 uno
997 3775 1170 3852 enuntiate,
1194 3775 1307 3838 iterum
1324 3780 1418 3859 atque

246 3883 359 3946 iterum
385 3884 498 3966 repetit
520 3883 657 3966 itemque
681 3872 763 3946 hari‘o
786 3882 944 3946 notionem
968 3882 1054 3945 omni
1070 3881 1162 3944 modo
1179 3882 1299 3946 variare
1316 3884 1419 3948 verbis

246 3993 388 4052 conatur.
413 3990 513 4065 Quam
529 3989 726 4054 iterationem
743 3990 906 4054 notionum
923 3993 955 4053 ot
973 3988 1195 4052 vocabulorum
1213 3989 1418 4054 variationem

246 4095 449 4178 praecipuum
472 4097 656 4160 elocutionis
680 4095 873 4180 Polybinnae
896 4095 1022 4177 signum
1046 4116 1109 4157 esse
1134 4095 1286 4159 existimo

336 4202 496 4265 Habemus
519 4203 655 4284 plurima
678 4201 844 4284 exempla:
874 4204 901 4277 1,
934 4203 983 4278 16,
1009 4202 1094 4263 6-8
1122 4202 1277 4266 artissimo
1301 4201 1417 4284 spatio;

245 4303 393 4394 χορηγίαι
416 4344 459 4353 -
482 4299 643 4389 α’ναχκαῖα
670 4345 707 4354 -
733 4296 916 4392 ἐπιτήδεια.
945 4313 971 4383 1,
999 4313 1048 4380 17,
1069 4315 1086 4370 5
1110 4309 1252 4390 sequitur
1274 4302 1418 4392 χορηγία.
