3176 4878
655 397 875 458 ..25-

264 590 294 665 3,
311 589 383 667 115,
401 589 438 651 ll
453 588 619 652 hebemus:
634 574 717 649 κατά
730 582 788 673 την
805 584 862 650 ἐπὶ
874 583 950 664 τούς
964 585 1105 666 Κελτσύς
1118 581 1346 674 παράπτωσιτ,

173 697 358 760 vertendum
382 718 446 760 esse
469 700 560 778 puto:
584 695 616 758 in
641 697 706 760 aori
724 695 886 761 Gallorum
906 699 1131 780 perseeutione.
1167 698 1348 763 Transitum

172 802 211 866 ad
237 802 319 865 hano
341 801 448 886 signif.
473 801 647 866 faciliorem
670 804 772 868 reddit
790 804 890 868 loous:
915 795 1000 865 rocol
1017 800 1075 889 την
1092 805 1149 866 τοῦ
1165 796 1349 887 ὀιώγματος

172 897 393 990 παράπτωσιν
430 917 479 988 11,
516 916 565 984 17,
600 916 628 976 3.
656 947 694 955 —
728 900 948 993 παράπτωσις
980 912 1071 994 prim.
1105 913 1188 995 apud
1217 913 1347 978 Aristot.

174 1017 236 1082 alia
260 1017 368 1100 signif.

263 1124 382 1208 Appen
412 1123 540 1200 vallum,
565 1123 651 1206 fossa
676 1129 722 1188 est
746 1124 902 1189 veteribus
924 1123 1029 1203 χῶμα,
1052 1123 1137 1202 χοῦς,
1162 1115 1347 1205 σταύρωμα,

173 1223 314 1316 τάφρος,
336 1228 428 1308 χῶμα
452 1232 533 1314 apud
554 1230 618 1294 Pol.
643 1253 771 1313 perraro
794 1231 984 1304 invenimus3
1010 1221 1185 1312 σταύρωμα
1208 1253 1272 1294 non
1295 1253 1347 1294 oo·

173 1340 272 1404 currit
295 1338 378 1420 apud
402 1341 557 1412 nostrum
581 1327 692 1421 χάραξ,
717 1337 846 1416 vallum,
871 1338 955 1420 apud
970 1337 1039 1402 Pol.
1060 1339 1120 1402 hoo
1136 1359 1228 1402 sensu
1242 1337 1346 1420 prim,

173 1435 352 1527 χαράκωμα
374 1444 447 1508 indo
470 1467 488 1508 a
510 1443 590 1509 Xen.

261 1542 387 1636 τάφρος
419 1551 570 1616 hebemus
600 1552 634 1616 in
665 1551 732 1615 Pol.
764 1552 867 1631 libris,
900 1553 954 1616 sed
986 1551 1055 1634 pari
1088 1551 1169 1634 sign.
1193 1542 1347 1633 ταφρεία;

174 1682 365 1744 quamquem
392 1660 485 1742 vulgo
510 1660 592 1742 apud
616 1663 758 1723 nostrum
782 1659 960 1724 ductionem
981 1659 1144 1739 fossarum
1167 1662 1266 1722 notat.

326 1873 374 1938 De
397 1873 568 1952 vocabulis,
592 1896 672 1956 quae
695 1873 877 1958 significant
896 1879 1023 1954 partem
1047 1872 1195 1936 militum.
1263 1859 1266 1868 Α

261 2017 357 2100 Apud
372 2015 440 2080 Pol.
454 2016 646 2103 invenimus:
672 2005 850 2097 σύνταγμα,
866 2011 967 2090 τάξις,
985 2004 1104 2096 τάγμα,
1122 2003 1225 2092 λόχος,
1247 2010 1348 2092 τέλος,

172 2114 331 2208 σάστημα,
357 2112 467 2205 ζυγόν,
490 2113 600 2204 τάγμα
622 2123 687 2186 ind.
713 2147 731 2186 a
754 2122 849 2196 Xer,
882 2123 958 2186 item
982 2111 1171 2202 σύνταγμα,
1200 2111 1349 2205 σύστημα

173 2233 265 2315 prim.
291 2231 374 2314 apud
396 2235 548 2295 nostrum.
572 2227 664 2304 τέλος
687 2230 773 2314 prius
801 2229 860 2294 heo
884 2229 991 2313 signif.
1024 2229 1124 2294 multo
1147 2229 1270 2313 saepius
1293 2229 1348 2292 ad·

174 2339 311 2416 hibetur,
336 2338 419 2420 apud
442 2341 584 2421 nostrum
608 2359 690 2400 raro

260 2443 429 2546 Equitetus
458 2462 607 2526 dividitur
634 2462 668 2526 in
692 2451 841 2540 θάλαμοί,
874 2451 957 2540 ἴλαι,
992 2453 1178 2542 λππαρχίαι,
1212 2465 1347 2539 turmae,

175 2571 258 2649 elae3
284 2558 427 2649 οὐλαμός
450 2570 647 2652 potissimum
672 2569 754 2651 apud
778 2567 952 2632 Homerum
975 2568 1102 2632 notione
1125 2573 1266 2632 catervae
1292 2569 1352 2632 mt-

174 2679 276 2742 lilum.
325 2675 401 2740 Inde
432 2699 450 2740 a
482 2675 548 2739 Pol.
583 2675 620 2740 de
653 2675 795 2758 equitatu
826 2675 926 2739 solum
959 2679 1136 2757 usurpatur.
1182 2665 1235 2758 ἰ’λη
1267 2674 1350 2756 apud
1435 2751 1436 2754 Ἴ

175 2789 281 2869 poetas
305 2789 430 2848 caterva
453 2782 816 2861 multimammiam,
842 2783 913 2846 inde
937 2781 1051 2846 aXen.
1076 2787 1182 2846 turmo
1199 2781 1348 2862 equitum.

262 2901 355 2988 λόχος
370 2910 415 2978 ¹do
438 2909 579 2992 peditatu
603 2914 635 2974 et
657 2909 744 2992 prius
768 2913 799 2972 et
822 2909 905 2992 apud
928 2906 1015 2984 Pol.;
1047 2901 1172 2984 διλοχία
1196 2908 1348 2972 habemus

179 3018 229 3097 10,
254 3019 307 3096 23,
334 3019 353 3076 4
378 3015 509 3099 (prim).

264 3141 458 3222 Mouipulus
481 3140 668 3222 exprimitur
690 3163 746 3223 per
767 3129 886 3221 τάγμα,
912 3138 1041 3221 σπεῖρα,
1067 3130 1207 3222 σημαίας
1230 3137 1350 3219 σπεῖρα

177 3248 235 3312 hae
259 3252 324 3312 not.
348 3247 485 3330 primum
510 3247 592 3330 apud
617 3245 695 3325 Pol,
720 3239 844 3330 σημαία
868 3244 995 3310 omnino
1018 3247 1162 3309 novatur.
1229 3271 1231 3276 ·

265 3371 432 3436 Conversio
455 3371 602 3450 militum,
626 3394 721 3455 quam
745 3393 800 3434 nos
824 3371 955 3434 dicimus
978 3368 1241 3452 ,ὃολιντοολσιοςι
1265 3371 1361 3430 vete·

175 3481 261 3544 ribus
293 3483 340 3544 est
370 3468 569 3562 ἀναστροφή,
600 3467 804 3562 ἐπιστροφή,
832 3467 1007 3562 ἐπικαμπή
1034 3481 1065 3540 et
1088 3465 1243 3560 καμπτήρ
1267 3474 1350 3555 apud

175 3587 255 3652 Xen.
287 3586 483 3669 potissimum
513 3585 680 3663 habemus3
712 3607 793 3668 quae
825 3585 885 3647 duo
916 3583 1070 3648 vocabula
1102 3584 1185 3668 apud
1208 3586 1349 3644 nostrum

175 3718 238 3760 non
273 3697 406 3758 exstant.
454 3691 546 3757 Nova
569 3697 643 3756 sunt
666 3692 748 3775 apud
773 3691 858 3756 Pol:
889 3679 1071 3776 μεταβολάς
1104 3677 1349 3772 περισπασμός;

177 3790 480 3882 ἐκπερισπασμός,·
511 3788 707 3883 ποραγωγή;
740 3791 938 3880 περίκλασις.
986 3797 1093 3860 Verba
1122 3799 1246 3879 praeter
1273 3787 1349 3855 οἴνα·

179 3905 326 3994 στρέφειν
354 3911 386 3971 et
409 3901 616 3990 ἐπιστρέφειν
639 3907 807 3978 hebemus:
842 3901 1007 3986 περικλᾶν,
1036 3900 1216 3985 περικερᾶν.
1264 3901 1350 3964 Haeo

178 4016 282 4078 omniu
305 4013 458 4078 vocabula
481 4013 659 4095 saepissime
682 4013 841 4096 leguntur,
866 4012 896 4074 id
921 4012 1014 4095 quod,
1043 4033 1115 4073 oum
1138 4009 1205 4072 Pol.
1231 4009 1350 4091 majore

178 4122 259 4186 bella
290 4125 321 4185 et
351 4120 510 4204 graviores
542 4119 734 4184 evolutiones
765 4141 861 4203 quam
890 4118 1054 4202 quisquam
1078 4117 1273 4200 superiorum
1297 4116 1349 4178 de-

177 4230 303 4308 scribat,
328 4250 402 4292 sene
426 4227 627 4291 memorabile
651 4247 715 4289 non
740 4225 870 4290 videtur.

266 4335 398 4401 Locutio
423 4334 548 4419 Polybii
575 4335 703 4417 propria
731 4336 777 4397 est
801 4326 858 4394 ἐπὶ
877 4334 937 4396 sut
959 4322 1025 4392 ὑπὸ
1049 4319 1138 4391 πόδα
1162 4320 1349 4412 ἀναχωρεῖν,
