3176 4878
666 274 796 336 ...43
844 309 884 316 -

187 462 353 551 λύτρωσις,
370 460 606 551 άπολίτρωσις,
623 459 853 551 διαλύτρωσις,·
876 458 1102 552 διομολόγησις
1118 490 1176 551 pro
1191 457 1361 548 δμολογία;

187 600 245 661 pro
268 576 362 640 πλεῖν
387 614 427 622 -
452 571 662 652 πλοίζεσθαι.

713 775 751 837 Α.
778 773 835 838 llI.

276 917 427 982 Venimus
460 917 499 980 ad
530 916 656 979 tertiam
687 937 821 1000 magnae
846 917 1069 980 vocabulorum
1094 916 1201 1000 copiae
1225 938 1361 982 eausam.

186 1025 259 1089 Non
291 1047 392 1109 pauca
425 1025 507 1089 enim
534 1023 638 1101 verba,
672 1024 785 1106 quibus
809 1023 959 1108 Polybius
983 1025 1091 1104 utitur,
1117 1025 1203 1107 prius
1225 1024 1361 1088 inveniri

185 1155 249 1197 non
272 1135 411 1215 possunt,
436 1136 467 1195 ct
490 1131 565 1214 quia
588 1153 636 1194 res
660 1131 804 1195 militaris
827 1155 890 1196 non
913 1155 1036 1215 semper
1056 1132 1162 1196 eadem
1179 1130 1361 1195 condicione

186 1244 263 1314 erat,
287 1239 341 1303 sed
364 1239 556 1302 incrementa
580 1240 735 1321 capiebat,
760 1244 791 1304 et
815 1241 890 1323 quia
910 1239 977 1304 Pol.
1001 1240 1172 1304 multarum
1197 1238 1359 1302 nationum

185 1347 305 1410 variam
340 1345 415 1409 belli
448 1345 751 1410 administrationem
788 1348 946 1412 describit.
1004 1346 1173 1430 Complura
1209 1345 1362 1409 vocabula

186 1453 336 1517 habemus
360 1473 416 1534 pro
444 1453 698 1517 conversionibus
725 1454 877 1518 militum:
909 1444 1089 1536 μεταβολή,
1119 1441 1359 1533 περισπασμός,

185 1550 466 1641 ἕκπερισπασμός,
503 1551 692 1645 παραγωγή,
729 1555 928 1642 περίκλασις,
962 1549 1136 1640 περικλάω,
1168 1551 1360 1640 περικεράω.

274 1665 441 1730 Machinae
467 1666 595 1730 bellicae
618 1668 720 1750 magis
743 1668 907 1750 magisque
923 1667 1119 1731 crebescunt:
1145 1663 1360 1744 καταπέλται,

184 1765 225 1832 τά
250 1763 489 1851 καταπελτικά,
521 1765 732 1854 πετροβόλοι,
763 1762 883 1854 ὄργανα
906 1767 989 1855 πρὸς
1012 1767 1102 1834 δίπαν
1126 1768 1258 1852 ἑμβελὲς
1289 1763 1359 1834 διά-

162 1873 303 1964 ’στημα,
328 1875 470 1962 κέστρος,
495 1873 714 1959 πετροβολικά
737 1869 867 1964 ὄργανα.
961 1880 964 1888 ’

273 1979 401 2071 χελώνη,
434 1977 534 2062 στοά,·
564 2011 756 2072 quemqnam
779 1988 858 2054 Xen.
884 1990 921 2054 de
948 1989 1043 2054 simili
1066 1988 1274 2051 instrumento
1298 1987 1360 2049 dis-

185 2099 277 2179 putat
300 2094 384 2159 Hell.
409 2097 440 2172 3,
468 2095 496 2171 l,
522 2097 551 2159 7.

276 2201 437 2266 Habemus
461 2203 649 2267 vocabulum
681 2197 917 2286 cprpnlnyyt'n3
951 2193 1088 2282 ἔμβολον
1117 2226 1248 2281 cuneus,
1279 2226 1359 2286 quae

184 2310 311 2393 quidem
335 2331 396 2372 vox
415 2309 482 2392 jam
507 2309 588 2391 apud
612 2309 691 2374 Xen.
718 2315 749 2374 et
773 2311 913 2374 Aeneam
936 2310 1087 2374 tacticum
1111 2311 1256 2375 occurrit.
1379 2293 1382 2298 ⁵

273 2407 482 2499 ἀμφίστομος
513 2405 657 2494 δύναμις,
691 2405 782 2491 τάξις
812 2419 965 2482 exercitus
1000 2418 1128 2496 bifrons,
1162 2418 1260 2481 multa
1287 2418 1357 2481 alia.

274 2521 383 2588 Sermo
415 2524 560 2587 militaris
594 2525 694 2609 magis
722 2526 884 2610 magisque
907 2527 1107 2590 excolebatur
1131 2530 1162 2590 et
1185 2526 1359 2609 amplifica-

185 2629 288 2708 batur,
312 2631 467 2713 imprimis
491 2632 669 2716 aPolybiO,
693 2633 747 2716 qui
772 2637 819 2696 tot
841 2637 873 2696 et
895 2638 961 2696 tam
984 2635 1072 2697 varia
1087 2633 1171 2698 bella
1187 2632 1358 2714 descripsit,

183 2742 219 2801 ut
241 2759 340 2821 paene
364 2739 509 2802 militaris
532 2741 667 2823 scriptor
689 2733 837 2804 dicendus
860 2741 910 2804 sit.
957 2740 1030 2805 Non
1054 2741 1153 2824 igitur
1176 2740 1301 2816 mirum,
1332 2740 1358 2803 si

183 2867 241 2928 pro
273 2845 365 2908 certis
396 2845 577 2910 notionibus
608 2851 692 2910 certa
716 2847 870 2910 vocabula
893 2851 924 2910 et
951 2848 1104 2924 termini,¹
1122 2848 1177 2930 qui
1201 2847 1358 2924 dicuntur,

183 2951 321 3016 technici
345 2952 559 3016 inveniuntur.
884 2937 887 2945 ¹

277 3058 436 3123 Habemus
459 3083 567 3144 saepe:
601 3055 778 3143 διατρίβειν
802 3063 839 3124 δε
863 3062 1017 3140 exercitu,
1050 3062 1080 3125 id
1110 3063 1192 3145 quod
1216 3066 1358 3125 nostrum

188 3167 333 3245 ,stehen“
362 3167 534 3250 significat,
567 3168 654 3231 velut
684 3163 843 3251 διατρίβει
874 3160 1058 3252 στράτευμα
1089 3166 1122 3229 ἕν
1149 3166 1188 3253 τῇ
1210 3157 1356 3252 Ἰλλορίᾳ.

272 3265 325 3358 ἴλη
348 3275 421 3339 inde
445 3298 463 3338 a
486 3274 566 3339 Xen.
591 3280 622 3339 et
638 3276 745 3340 Aenea
768 3277 883 3340 tactico
908 3278 945 3340 de
969 3281 1074 3340 turma
1098 3277 1253 3359 equitum;
1279 3273 1357 3336 δια-

181 3371 398 3460 λαμβάνειν
421 3382 454 3445 in
470 3381 684 3464 compluribus
699 3383 920 3461 locutionibus
938 3385 1036 3448 velut:
1062 3375 1226 3462 διαλαβών
1240 3373 1357 3464 χάρακι

183 3483 239 3549 καί
262 3479 397 3573 τάφρῳ,·

271 3587 484 3670 διανάστασις
507 3601 538 3660 et
561 3587 817 3677 διανάστασθαι,
841 3617 879 3662 ex
902 3599 1022 3662 insidiis
1045 3620 1217 3681 erumpere.

271 3694 424 3782 ὕπαιθρα
459 3707 568 3786 aperta
598 3704 682 3767 loca:
717 3699 753 3765 ἐκ
785 3703 850 3765 τῶν
882 3698 1058 3786 ὑπαίθρων
1093 3699 1256 3786 ἐκχωρεῖν,
1292 3702 1357 3764 τῶν

181 3803 358 3891 ὑπαίθρων
381 3801 641 3875 ἀντιποιεῖσθαι.
667 3849 708 3856 -

270 3911 379 3996 λαβών
403 3910 576 4002 πρόβλημα
598 3910 749 3998 ποταμόν
774 3957 814 3964 -
839 3918 1040 4001 παρακαλεῖν
1063 3911 1105 3980 τά
1124 3917 1295 4002 πρέποντα
1309 3920 1356 4003 τῷ

182 4023 300 4106 καιρῴς
330 4061 370 4070 -
404 4019 440 4098 ἐξ
469 4017 604 4108 ἐφόδου,
638 4021 673 4087 ἐκ
702 4017 884 4101 κατάπλου,
916 4027 1015 4090 multa
1039 4027 1111 4091 alia.
1161 4028 1188 4091 A
1212 4028 1355 4092 formulis

181 4131 369 4213 quibusdam
393 4133 485 4196 certis
509 4139 540 4196 et
555 4133 731 4216 phrasibus
756 4158 832 4217 quas
856 4157 1012 4214 vocamus,
1037 4134 1162 4220 Polybii
1186 4136 1355 4200 dictionem

181 4261 244 4308 non
278 4239 410 4304 liberam
441 4239 535 4304 fuisse
560 4240 638 4305 haec
661 4241 783 4320 docent,
813 4265 893 4326 qnae
916 4265 1007 4326 saepe
1034 4244 1168 4326 repetita
1191 4244 1353 4327 leguntur:
