3176 4878
666 262 887 326 ..10-

187 461 298 522 eastra.
338 456 485 522 Ceterum
508 458 541 520 in
564 458 625 522 hoo
648 458 801 521 voeabulo
824 457 961 540 intelligi
985 462 1088 541 potest
1111 464 1182 540 post
1197 457 1364 542 Polybium

187 566 376 630 mutationes
400 568 431 628 et
454 564 712 648 amplificationes
736 565 836 648 magis
859 566 1023 649 magisque
1039 566 1205 649 procedere
1227 570 1257 630 et
1272 583 1365 632 voea-

189 674 335 738 bulorum
351 672 440 757 quasi
457 672 621 737 circuitum
640 673 758 756 augeri.
796 673 888 755 Apud
906 672 988 736 Plut.
1007 663 1258 754 παρεμβολικός,
1282 675 1365 755 apud

188 780 282 864 gloss.
315 774 618 862 παρεμβολοθέτηςι
648 775 872 862 παρὲμβλησις
895 782 1069 842 castrorum
1097 779 1222 858 locatio,
1257 779 1364 864 Aquil.

187 885 250 950 Jes.
277 887 330 963 29,
358 887 385 951 1.

277 991 373 1056 Aliud
396 991 585 1056 vocabulum
608 993 735 1057 notione
758 996 931 1057 castrorum
964 996 1010 1056 est
1032 981 1142 1074 χάραξ.
1169 985 1216 1066 είς
1238 982 1366 1075 χοίρακα

187 1095 387 1180 παρενέβαίε
421 1100 471 1177 18,
501 1101 553 1178 20,
589 1101 626 1177 9;
659 1100 849 1182 saepissime.
896 1099 965 1162 Hae
997 1099 1105 1183 signif.
1138 1099 1221 1182 apud
1252 1097 1364 1184 Polyb.

187 1209 336 1292 primum.

277 1307 531 1396 στρατοπεδείας
565 1303 759 1392 μεταλαβών
789 1304 849 1396 τήν
879 1310 944 1372 τῶν
972 1306 1202 1397 Καρχηδονίων
1232 1330 1367 1395 στρατο-

188 1413 322 1484 πεδείαν
345 1425 446 1485 eastra
463 1419 772 1504 Carthaginiensium
787 1420 871 1502 oepit
889 1421 939 1497 10,
957 1421 1011 1498 90,
1031 1420 1084 1496 11;
1111 1412 1366 1502 στρατοπεδείας

187 1524 319 1591 τιθέναι
343 1533 444 1593 eastra
467 1550 582 1612 ponere
601 1529 629 1606 1,
646 1529 698 1606 33,
719 1528 754 1602 1;
778 1527 861 1609 apud
877 1525 958 1590 Xen.
974 1526 1162 1592 vocabulum
1177 1527 1367 1591 locationem

190 1641 364 1700 castrorum
386 1636 555 1719 signifieat.

280 1741 397 1808 Castro
417 1739 534 1823 ponere
557 1745 603 1806 est
626 1743 708 1824 apud
732 1741 906 1824 superiores
931 1729 1153 1822 στρατόπεδον
1169 1742 1367 1816 notandae,-

188 1871 252 1912 non
274 1849 420 1932 repudiat
443 1848 525 1912 hano
548 1847 718 1913 formulam
743 1848 825 1926 Pol,
859 1848 912 1912 sed
935 1847 1120 1931 plerumque
1149 1847 1246 1912 habet
1269 1867 1366 1925 στρα-

188 1946 375 2018 τοπεδεύειν
409 1958 517 2036 (κατα,
543 1956 658 2039 παρα).
707 1956 800 2038 Apud
830 1958 949 2018 veteres
979 1955 1117 2019 medium
1150 1956 1243 2039 hujus
1277 1957 1366 2020 verbi

188 2064 221 2126 in
245 2085 302 2126 usu
326 2051 381 2126 est.
421 2062 520 2145 Saepe
544 2062 672 2127 exhibet
695 2063 828 2145 scriptor
850 2084 908 2145 pro
932 2066 1033 2126 eastra
1056 2085 1172 2146 ponere
1188 2058 1366 2144 καταζευγ-

189 2159 288 2244 νύναι,
323 2171 414 2253 prim.
447 2171 530 2253 apud
553 2168 636 2233 Pol.:
669 2159 819 2231 σπεύδων
849 2165 1042 2244 καταζεῦξαι
1067 2162 1149 2252 πρὸς
1177 2159 1366 2254 τὸτ”Ιβηρα

190 2267 342 2356 ποταμόν
365 2270 434 2355 ἅμα
457 2279 530 2352 ταῖς
554 2267 707 2355 δυνάμεσι
731 2279 762 2355 3,
780 2277 832 2355 95,
850 2279 884 2347 3;
910 2277 1020 2340 deinde
1037 2278 1067 2354 8,
1086 2279 1137 2355 15,
1155 2279 1189 2354 2;
1215 2279 1245 2355 5,
1263 2279 1316 2354 46,
1331 2278 1365 2352 7;

190 2385 220 2460 7,
250 2385 301 2462 80,
332 2385 368 2461 2;
403 2383 481 2447 mihi
510 2382 633 2448 videtur
663 2388 849 2466 usurpatum
881 2405 945 2448 esse
977 2384 1165 2448 vocabulum
1195 2384 1366 2448 seeundum

189 2491 370 2574 analogiam
392 2482 608 2554 καταλύειν
632 2491 761 2555 deverti.

412 2687 460 2751 De
482 2687 653 2764 vocabulis,
678 2685 757 2770 quae
781 2687 961 2770 significant
983 2687 1145 2766 impetum.

278 2831 408 2895 Veteres
439 2833 608 2914 praebent:
643 2824 808 2906 ἐπίθεσις,
840 2820 980 2916 είσβολή,
1014 2818 1193 2914 προσβολή,
1227 2821 1368 2916 (ἐφορμή

190 2940 274 3022 apud
291 2939 390 3003 Thuo.
415 2939 564 3018 tantum),
589 2931 710 3023 ἔφοδος
726 2939 867 3021 (excepto
884 2934 1114 3024 Xenophonte).
1129 2974 1172 2982 —
1185 2928 1366 3022 Επιδρομῄ,

191 3046 273 3130 quod
298 3047 388 3129 'apud
413 3046 524 3125 Thne,
555 3045 672 3110 Herod.
701 3048 732 3110 et
755 3045 833 3109 Xan.
865 3068 927 3108 non
956 3045 1087 3122 habent,
1121 3045 1197 3108 item
1229 3033 1368 3130 ε’πιβολή

191 3153 272 3238 apud
297 3153 408 3231 Τίασα,
433 3175 497 3215 non
522 3153 605 3235 apud
629 3152 745 3216 Herod.
771 3156 802 3216 et
825 3150 905 3217 Xen.
929 3151 1101 3215 invenitur.

280 3261 365 3337 Quae
389 3260 495 3323 omnia
518 3259 672 3324 vocabula
694 3259 776 3343 apud
800 3258 867 3322 Pol.
893 3258 1073 3341 frequenter
1097 3257 1258 3334 habemus,
1285 3279 1368 3321 nova

189 3391 246 3452 pro
269 3369 397 3432 notione
420 3367 554 3449 impetus
578 3367 655 3430 haeo
681 3366 743 3430 fere
766 3369 852 3429 sunt:

280 3462 400 3560 ἐμβολή
425 3472 484 3537 hao
509 3473 635 3537 notione
659 3473 751 3555 prim.
776 3473 858 3556 apud
882 3472 961 3551 ΡοΙ,
985 3472 1038 3536 sed
1058 3471 1126 3554 jam
1150 3494 1168 3534 ε
1191 3471 1292 3535 Thus.
1316 3473 1368 3536 via

191 3583 229 3645 ad
258 3581 339 3645 hano
368 3580 632 3667 significationem
662 3581 784 3644 munita
812 3586 893 3658 erat,
924 3579 968 3644 ibi
997 3584 1043 3642 est
1070 3579 1205 3660 impetus
1228 3579 1262 3641 in
1285 3579 1368 3643 latus

191 3689 279 3752 navis
303 3691 333 3766 7,
359 3691 417 3764 703
443 3688 537 3752 etiam
562 3687 645 3769 apud
661 3687 728 3751 Pol.
753 3688 876 3770 saepius
899 3687 936 3749 de
959 3685 1080 3769 impetu
1103 3685 1136 3747 in
1152 3707 1267 3748 navem
1282 3686 1368 3750 facto

192 3796 358 3859 adhibetur
395 3795 423 3872 1,
457 3796 509 3873 22,
542 3795 577 3869 8;
616 3795 644 3871 1,
675 3796 717 3857 23
742 3794 776 3869 8;
816 3795 844 3870 1,
869 3795 922 3870 46,
947 3795 984 3869 9;
1019 3792 1052 3855 in
1081 3792 1216 3874 pedestri
1239 3814 1367 3876 pugna:

192 3893 331 3988 ἐμβολὴν
355 3901 529 3964 ποιεῖσθαι
555 3903 584 3978 3,
612 3901 689 3978 126,
710 3901 748 3976 8;
774 3902 803 3979 4,
832 3902 881 3979 12,
907 3902 943 3976 6;

280 4000 501 4090 παράπτωσις
532 4009 688 4086 incursus,
722 4008 857 4091 impetus
891 4008 945 4083 11,
984 4008 1038 4084 17,
1071 4009 1107 4081 3;
1147 4002 1168 4092 ἡ
1206 3997 1263 4066 ἐπί
1294 4001 1371 4081 τούς

193 4109 335 4191 Κελτούς
350 4153 394 4162 -
407 4118 437 4194 3,
454 4116 526 4193 115,
542 4116 596 4190 1];
621 4114 764 4178 similiter
788 4106 979 4192 σύμπτωσις
999 4113 1049 4191 11,
1069 4114 1118 4192 13,
1139 4113 1173 4196 1;
1198 4117 1369 4198 utrumque

192 4224 381 4289 vocabulum
405 4224 464 4287 hao
487 4223 567 4304 sign.
591 4223 729 4304 primum
754 4221 835 4303 apud
860 4219 928 4286 Pol.
