3176 4878
730 417 950 501 -26-.·

256 599 444 688 ὑποχωρεῖν,
471 600 528 694 τήν
552 599 752 693 ἀναχώρησιν
776 611 950 673 ποιεῖσθαι
974 612 1082 675 ordine
1104 615 1227 676 servato
1243 635 1275 675 se
1291 613 1430 696 recipere

257 737 426 798 expugna
450 717 480 793 2,
507 718 558 794 68,
583 718 618 792 43
648 717 698 794 18,
724 719 753 796 8,
779 719 808 782 4.

346 821 495 887 Primam
530 843 641 904 apaten
676 824 833 888 veteribus
866 828 911 887 esi
946 847 1173 908 nonnunquam
1211 813 1430 908 προφύλακες,

257 929 340 1010 quod
379 928 462 1010 apud
499 933 639 992 nostrum
674 953 736 993 non
772 931 921 1014 legimus
960 932 1056 1016 vulgo
1096 931 1228 1013 exprimi
1263 931 1342 996 solet
1376 953 1432 1012 per

257 1025 424 1117 ἦγεῖσθαιε
451 1027 482 1095 oi
506 1025 673 1119 ἡγούμενοι
697 1027 1007 1120 νο1προηγοόμενοι.
1043 1037 1110 1102 Pol.
1127 1037 1218 1120 prim.
1237 1037 1333 1100 haber
1348 1056 1430 1118 προ-

256 1133 374 1221 πορεία
398 1141 447 1205 vel
471 1133 501 1201 oi
518 1132 803 1222 προπορεοόμενοι.
839 1137 1068 1224 πρωτοπορειά
1092 1143 1270 1226 saepissime
1286 1143 1430 1227 legimus,

256 1248 348 1330 prim.
374 1248 457 1330 apud
479 1251 630 1312 nostrum.
1192 1323 1198 1330 ,

345 1353 560 1418 Novissiarara
586 1377 697 1436 αγιννοιι
713 1362 758 1420 est
772 1357 838 1420 Pol.
857 1347 944 1439 οὐρά,
969 1359 1061 1440 prim.
1080 1357 1162 1439 apud
1179 1356 1271 1435 Xen.,
1296 1347 1431 1438 οὗραγία

256 1461 348 1545 prim.
374 1461 456 1543 apud
481 1465 632 1541 nostrum,
658 1462 708 1526 vel
731 1455 760 1524 oi
782 1457 840 1524 ἐπὶ
855 1461 912 1548 τῆς
929 1454 1079 1546 οὐραγίας
1098 1453 1294 1547 ὑπάρχοντες
1302 1486 1313 1539 ,·
1337 1453 1431 1545 aripa-

257 1557 313 1650 γός
337 1568 400 1631 dux
423 1567 581 1631 novissimi
605 1568 755 1652 agminis;
780 1560 925 1652 οὐραγεῖν
947 1570 1149 1633 novissimum
1171 1591 1284 1653 agmen
1306 1570 1429 1634 ducere.

347 1692 439 1775 Apud
464 1691 542 1756 Xen.
567 1694 743 1776 saepissime
766 1695 943 1758 invenimus
971 1685 1266 1778 ὀπισθοφυλακεῖν,
1291 1685 1427 1755 ὀπισθο·

257 1789 414 1882 φύλακες,
448 1788 732 1882 όπισιλοφυλακία,
767 1823 847 1883 quae
879 1823 945 1865 roo.
971 1800 1037 1864 Pol.
1069 1801 1102 1864 in
1133 1823 1222 1864 suum
1252 1823 1343 1864 usum
1367 1823 1430 1865 aon

258 1905 420 1970 converit.

349 2011 462 2092 Opera,
488 2013 651 2078 machinae
675 2013 803 2077 bellicae
825 2018 899 2077 suni
917 2013 983 2078 Pol.
1008 2007 1094 2096 ἔργα,
1120 2003 1249 2096 όργανα,
1274 2007 1429 2098 μηχαναί,

256 2109 479 2203 μηχανήματα.
509 2155 544 2163 -
571 2111 662 2200 ἔργον
685 2119 753 2183 hac.
778 2119 884 2204 signif.
909 2120 1046 2203 primum
1074 2120 1157 2201 apud
1182 2123 1337 2197 nostrum3
1370 2142 1431 2203 μη-

255 2215 382 2310 χάνημα
404 2225 496 2310 prim.
522 2227 604 2308 apud
629 2225 707 2290 Xen.
733 2263 775 2273 —-
800 2216 918 2309 όργανοι
944 2228 1003 2291 hae
1025 2227 1133 2310 signif.
1158 2227 1240 2308 apud
1265 2225 1345 2291 Xen.

345 2349 507 2435 Habemus
538 2351 571 2414 in
594 2350 719 2435 Polybii
743 2351 844 2416 libris:
878 2347 1093 2426 naturaiiter,
1127 2349 1168 2412 τοὶ
1193 2341 1429 2426 καταπελτικοί,

254 2447 435 2536 λιθοβόλοι,
454 2447 658 2540 πετροβόλοι,
675 2454 817 2540 κέσῑρος,
835 2449 1057 2542 πεσροπολικό
1075 2448 1203 2542 όργοινα,
1228 2482 1309 2542 quae
1325 2459 1431 2522 omnia

257 2569 414 2627 novantur
437 2566 520 2647 apud
543 2569 695 2629 nostrum.

348 2669 523 2734 Oaaiaalas
547 2675 593 2734 esi
616 2672 772 2734 veteribus
797 2661 977 2752 όπόνομος;
1002 2673 1153 2736 habemus
1177 2661 1299 2754 όρογμα
1322 2671 1430 2736 iudea

257 2777 348 2856 Xen.,
374 2767 494 2859 σύριγξ,
518 2774 676 2856 μέταλλον
700 2779 792 2860 prim.
818 2780 899 2860 apud
925 2779 991 2843 Pol.

345 2901 497 2966 Proaao
522 2902 677 2966 veteribus
694 2906 740 2966 esi
756 2896 933 2984 προόοσία,·
957 2905 1038 2987 apud
1057 2904 1122 2968 Pol.
1139 2908 1297 2968 aovaniur
1313 2901 1430 2986 πρᾶξις

259 3005 389 3090 (saepe),
413 2997 690 3092 παρασπόνδημα,
717 2999 997 3093 παρασπόνὸησις,
1024 3002 1157 3073 adrolo.

345 3133 477 3210 Parada,
502 3135 585 3216 qaod
608 3157 664 3198 nos
688 3135 828 3212 dicimus,
854 3099 1020 3199 veteribus
1035 3140 1081 3200 esi
1105 3124 1274 3218 σύνθημα,
1303 3127 1429 3218 παράγ-

258 3238 373 3320 γελμα;
391 3231 568 3319 πολεμικόν
584 3241 656 3305 inde
673 3263 691 3304 a
707 3239 786 3305 Xen.
802 3277 845 3286 --
858 3243 989 3324 σημεῖον
1001 3243 1093 3324 prim.
1107 3243 1190 3324 apud
1205 3241 1271 3306 Pol.
1289 3245 1318 3320 5,
1335 3245 1387 3321 69,
1399 3243 1429 3305 8.

446 3453 494 3518 De
517 3453 687 3532 vocabulis,
713 3476 792 3537 quae
816 3455 855 3518 ad
879 3454 1051 3538 legationes
1074 3455 1243 3538 pertinent.

346 3594 503 3680 Πρέσβεις
526 3622 589 3662 non
613 3621 703 3682 saepe
726 3599 913 3677 invenimus
938 3601 1037 3664 mulio
1061 3601 1198 3664 erebrius
1222 3592 1429 3680 πρεσβευταί.

354 3710 559 3796 Ἀπόσσολος,
585 3722 667 3804 quod
687 3742 751 3784 voe.
776 3720 935 3784 interdum
954 3722 1037 3802 apud
1053 3721 1225 3804 superiores
1243 3743 1299 3804 pro
1316 3722 1429 3805 deputa,

257 3825 290 3889 in
313 3825 438 3910 Polybii
466 3827 554 3892 libris
584 3849 646 3890 nou
670 3831 779 3890 exstat.
827 3826 887 3891 Sed
912 3819 1079 3912 οῗποστολή
1107 3829 1234 3893 notione
1263 3829 1430 3913 legaiionis

258 3933 410 3997 habemus
436 3935 486 4011 14,
512 3937 542 4012 2,
570 3936 620 3997 12.
1072 3937 1077 3944 ’

347 4039 427 4102 [iem
451 4045 538 4104 vetus
562 4034 720 4122 πρεσβεία
744 4044 826 4124 apud
851 4047 993 4106 nosirum
1009 4064 1071 4105 non
1088 4042 1269 4124 frequenter
1285 4044 1430 4121 occurrii,

257 4149 309 4211 sed
333 4141 555 4227 ὁιαπρεσβεία,
581 4153 689 4211 mutua
712 4149 839 4233 legatio,
864 4172 955 4232 saepe
978 4149 1191 4213 invenimus·

346 4248 555 4337 ἐπικηρυκεία
578 4255 704 4317 solitam
729 4255 860 4340 Polybio
883 4255 1071 4320 vocabulum
1099 4261 1145 4320 est
1172 4279 1228 4340 pro
1257 4256 1430 4338 lapatioae3

258 4362 417 4427 interdum
438 4362 506 4446 jam
530 4363 613 4444 apud
637 4361 727 4425 Dem.
