3176 4878
657 368 877 430 „21-

179 552 316 647 κῇροξαν
346 555 384 623 τό
415 551 556 647 λάφυρον
588 554 672 622 κατοῖ
701 559 764 621 τῶν
789 558 926 638 Ἀχαιῶν
959 569 989 636 4,
1020 570 1071 636 36,
1106 571 1135 638 6,
1167 567 1352 646 potestatem

178 671 349 755 praedandi
372 670 405 732 in
425 670 621 734 Achaeorum
644 669 759 733 finibus
782 669 906 752 publice
923 671 1079 748 feeermrt;
1104 659 1192 752 ύγειν
1211 658 1353 756 λάφυρον

177 768 247 838 (ind
271 766 416 859 λαφύροο
442 778 493 852 18,
520 783 549 848 4,
576 783 606 842 8.

268 884 362 966 Apud
386 882 453 947 Pol.
478 906 568 965 saepe
593 883 743 946 habemus
767 905 823 965 pro
847 884 963 965 praeda
987 873 1137 968 ώφέλειαι
1163 884 1258 948 etiam
1281 885 1352 968 plu-

178 991 276 1056 ralem
301 980 465 1075 ώφέλειαι.
500 981 520 1076 ἡ
546 985 581 1052 ἐκ
606 988 664 1052 τοῦ
687 985 831 1070 πολέμου
855 981 997 1074 ώφέλεια
1023 993 1050 1068 1,
1070 997 1121 1067 20,
1147 1000 1181 1068 1,·
1205 986 1235 1053 oi
1260 984 1353 1066 έκτδς

179 1088 404 1181 παρεπόμενοι
427 1090 468 1158 τό
492 1088 700 1178 στρατόπεδα
720 1096 778 1183 τῆς
794 1087 954 1181 ώφελείας
969 1089 1058 1178 χόριν
1075 1099 1244 1180 praedandi
1260 1120 1353 1162 eausa

180 1207 209 1282 3,
235 1205 287 1282 82,
315 1204 348 1280 83
373 1197 393 1289 ἡ
417 1198 502 1266 κατοῖ
526 1193 697 1266 θάλατταν
721 1200 863 1289 ιδφέλεια
886 1205 1001 1288 praeda
1017 1207 1095 1268 mari
1119 1205 1204 1268 facte
1220 1206 1250 1283 2,
1269 1206 1299 1281 8,
1317 1206 1351 1281 8;

178 1301 264 1391 χώρα
300 1305 443 1390 γέμουσα
475 1301 633 1392 ώφελειάς
664 1312 752 1394 regio
783 1311 876 1393 plena
909 1311 1042 1393 praedae
1076 1312 1106 1390 3,
1139 1313 1192 1390 30,
1224 1311 1279 1389 3.,
1302 1311 1352 1374 Ad

179 1418 339 1481 notionem
372 1419 504 1499 praedae
538 1407 679 1502 ώφέλεια
710 1417 830 1481 accedit
864 1418 965 1500 magis
995 1418 1159 1501 magisque
1192 1441 1210 1482 a
1240 1417 1353 1503 Lysiae

180 1529 292 1589 aetate.
331 1522 437 1588 Antea
461 1514 601 1609 ώφέλεια
625 1527 827 1603 abstractum,
852 1524 935 1608 quod
959 1528 1098 1603 vocatur,
1122 1525 1352 1589 substantivum

179 1638 233 1698 est.
283 1633 313 1696 A
343 1633 566 1716 posterioribus
596 1632 629 1694 in
659 1636 840 1696 concretum
863 1655 986 1696 sensum
1015 1633 1211 1696 transfertur.
1260 1634 1351 1715 Apud

180 1740 259 1804 Xen.
292 1762 363 1824 eyn.
388 1741 418 1815 6,
450 1739 470 1801 4
501 1739 677 1803 invenimus
707 1761 774 1803 voe.
806 1761 863 1821 pro
886 1741 1061 1804 venationis
1083 1741 1216 1820 proedo.
1264 1739 1353 1804 Belle¹

177 1848 301 1929 praeda
324 1847 416 1930 prim.
441 1847 524 1929 apud
548 1845 627 1924 Pol,
652 1851 683 1910 et
707 1869 742 1910 ea
766 1846 902 1929 quidem,
926 1869 1006 1929 quae
1033 1846 1166 1930 singulis
1193 1847 1350 1936 dividitur.

180 1955 342 2019 Habemus
366 1955 503 2036 primum
532 1955 613 2036 apud
641 1957 783 2017 nostrum
812 1943 1015 2037 ώφελεῖσθαι
1050 1953 1176 2017 notione
1198 1955 1353 2033 praedam

181 2083 272 2145 opere
297 2063 331 2140 9,
357 2062 414 2134 27,
442 2062 496 2138 11;
521 2049 614 2122 οὐδέν
638 2050 795 2142 ὠφελεῖτο
821 2061 870 2133 16,
900 2046 929 2139 1,
951 2063 981 2123 3.

277 2258 325 2322 De
349 2257 519 2332 vocabulis
545 2278 625 2339 quae
648 2256 687 2319 ad
711 2256 849 2320 militum
872 2257 1062 2340 stipendium
1085 2257 1253 2339 pertinent.

269 2399 439 2465 Veteribus
471 2403 517 2464 est
544 2399 734 2482 stipendium
765 2389 906 2478 μισθός,
941 2400 1024 2482 quod
1059 2401 1195 2464 occurrit
1225 2401 1352 2483 quidem

180 2511 263 2593 apud
291 2512 447 2586 nostrum,
477 2508 530 2572 sed
557 2507 583 2571 si
610 2528 827 2588 comparamus
851 2529 922 2571 eum
946 2529 1075 2571 numero
1099 2507 1232 2570 aliorum
1257 2508 1353 2591 hujus

181 2616 318 2682 notionis
342 2614 735 2698 vocabulorum‚'perrar0.
760 2612 887 2693 μισθοῦ
911 2602 1094 2694 στρατεύειν
1118 2615 1148 2693 2,
1166 2620 1218 2689 22,
1240 2622 1271 2692 1;
1296 2605 1353 2676 τόν

179 2713 305 2804 μισθόν
330 2717 520 2784 ἐπιτιθέναι
544 2742 617 2784 τινι.

270 2830 395 2896 Usitata
416 2829 499 2912 apud
515 2829 580 2893 Pol.
605 2829 758 2893 voeabula
780 2834 869 2894 sunt:
893 2818 1045 2912 ὀψώνιον,
1071 2829 1153 2912 quod
1174 2829 1353 2912 saepissime

182 2923 343 3016 habemus,
368 2937 463 3001 etiam
486 2936 616 3018 pluralis
639 2936 808 3000 iuvenitur.
845 2927 986 2998 διαλύειν
1009 2928 1051 2995 τοὶ
1072 2925 1353 3020 προσοφειλόμενα

180 3045 243 3107 τῶν
259 3037 411 3129 ὀψωνίων
431 3052 457 3119 1,
477 3050 528 3125 69,
547 3050 580 3121 3;
605 3033 756 3128 ὀψωνίων
780 3033 941 3118 ἀπόδοσις
966 3051 1014 3123 11,
1033 3049 1084 3120 25,
1110 3049 1144 3118 9;
1169 3065 1236 3108 voe.
1259 3045 1351 3127 prim.

182 3154 265 3237 apud
289 3151 357 3216 Pol.

271 3251 433 3339 σιταρχίαι
461 3281 583 3341 semper
612 3259 645 3322 in
669 3258 784 3341 plurali
807 3281 952 3336 numero,
983 3258 1178 3322 frumentum
1201 3256 1354 3318 militibus

182 3365 314 3450 singulis
337 3365 549 3444 distributum,
574 3365 684 3430 deinde
707 3367 922 3447 stipendium:
946 3354 1086 3426 διαλύειν
1108 3355 1168 3437 τοὶς
1187 3355 1353 3439 σιταρχίας

183 3476 250 3548 τοῖς
274 3463 488 3555 στρατιώταις
513 3481 541 3548 5,
561 3481 612 3548 00,
631 3479 664 3550 2;
689 3463 887 3535 ἀποδιδόναι
910 3463 970 3546 τοὶς
994 3464 1159 3552 σιταρχίας
1180 3477 1229 3548 11,
1248 3475 1300 3546 28,
1319 3476 1352 3544 3;

181 3567 380 3662 κομίζεσθαι
403 3573 462 3656 τός
486 3575 652 3662 οιταρχίας
681 3589 707 3660 l,
734 3588 784 3656 70,
811 3587 847 3656 3,-
870 3580 962 3663 prim.
988 3579 1079 3661 apud.
1107 3578 1236 3640 Aristot.

272 3685 465 3774 σιτηρέσιον,
498 3690 580 3772 quod
612 3713 673 3753 non
703 3711 773 3752 raro
797 3687 879 3770 apud
902 3686 983 3751 Xen.
1008 3690 1067 3765 est,
1099 3684 1181 3767 apud
1213 3688 1353 3748 nostrum

182 3821 244 3861 non
269 3796 432 3861 habemus.
1323 3789 1326 3793 ’

271 3899 419 3985 μέτρημα
448 3925 511 3966 uno
534 3902 602 3966 loeo
626 3902 784 3985 siguificat
810 3901 1003 3981 stipendium
1029 3900 1059 3978 9,
1085 3899 1138 3977 27,
1164 3899 1223 3975 11;
1256 3899 1354 3962 altero

185 4012 361 4076 demensum
383 4009 579 4090 Ιναινιοιιλανιι
604 4012 633 4082 6,
659 4011 712 4088 38,
736 4010 766 4072 3.

270 4109 492 4196 μισθοδοσίας
515 4108 647 4178 έποιόον
669 4115 857 4199 stipendium
874 4114 1037 4179 solvebant
1053 4115 1105 4193 20,
1124 4116 1153 4192 6,
1171 4114 1206 4191 2;
1230 4114 1352 4191 μισθο-

184 4222 288 4288 δοτεῖν
318 4225 390 4288 iude
421 4222 541 4289 aXen.
574 4215 604 4284 oi
627 4217 944 4307 μισθοδοτρθέντες,
973 4221 1027 4304 qui
1050 4220 1240 4306 stipendium
1265 4241 1352 4284 acoe-

184 4336 298 4416 perunt
325 4339 352 4410 1,
378 4333 428 4410 66,
454 4333 484 4394 3.
