3176 4878
692 329 903 390 „42-

304 519 361 585 ἐπὶ
385 516 426 583 τά
452 515 541 597 δεξιά
566 519 645 606 μέρη
669 522 734 583 τῶν
758 515 922 600 πολεμίων
949 529 998 600 10,
1026 529 1077 598 39,
1103 529 1132 588 4.

304 624 371 692 dno*
394 629 452 711 τῆς
468 629 524 692 τοῦ
548 627 731 704 λυσιτελοῦς
755 625 888 703 ἐλπίδος
912 619 1065 710 ἀγόμενοι
1088 652 1141 711 spe
1156 631 1290 712 praedae
1307 631 1393 694 ducti

216 741 246 815 2,
272 740 325 815 29,
351 739 381 802 9.

302 845 454 928 Polybius
487 867 549 907 non
581 844 682 907 solum
715 843 907 927 legentibus,
939 843 991 906 sed
1015 843 1111 906 etiam
1140 843 1203 907 sibi
1235 844 1302 923 ipsi
1325 865 1390 907 rem

216 951 338 1015 facilem
373 951 500 1015 reddere
532 951 645 1014 studet.
693 950 803 1033 Itaque
833 973 910 1034 quas
934 949 1104 1013 sententias
1136 950 1241 1014 animo
1266 951 1393 1014 confor-

215 1057 314 1122 mavit
346 1059 436 1120 modo
466 1057 526 1120 sibi
558 1057 710 1120 facillimo
742 1062 773 1120 et
796 1057 1054 1134 commodissimo,
1085 1079 1123 1120 ne
1147 1055 1258 1134 dicam,
1283 1057 1393 1140 negle-

217 1166 362 1250 gentiore
379 1165 482 1230 verbis
499 1165 671 1241 exprimere
688 1165 820 1247 quaerit.
849 1162 895 1228 Ut
908 1163 1001 1227 facile
1017 1167 1048 1226 et
1064 1164 1205 1245 expedite
1221 1165 1394 1228 sententiae

214 1273 248 1335 in
278 1272 383 1335 animo
414 1271 567 1349 oriuntur,
602 1272 647 1334 ita
674 1271 766 1334 facile
797 1271 885 1334 nulla
909 1275 975 1334 arte
1005 1271 1256 1354 circumscriptas
1279 1271 1394 1335 litteris

215 1380 354 1444 mandat.
401 1376 478 1442 lnde
510 1381 577 1441 tam
609 1377 726 1440 multae
757 1377 958 1460 repetitiones
981 1377 1129 1440 similium
1155 1377 1392 1453 sententiarum,

215 1487 389 1563 notionum,
414 1486 486 1548 inde
509 1489 575 1548 tam
592 1485 710 1548 multae
726 1507 804 1567 quas
820 1506 967 1548 vocamus
983 1483 1202 1547 anacoluthiae
1215 1507 1270 1567 per
1287 1507 1394 1548 omnes

215 1595 312 1658 libros
336 1594 506 1676 dispersae,
530 1593 602 1656 inde
633 1596 698 1655 tam
724 1592 840 1668 multa,
873 1612 953 1675 quae
977 1589 1210 1675 neglegentiam
1235 1593 1393 1674 quandam

214 1700 353 1765 redolere
376 1700 587 1764 confitendum
613 1703 668 1762 est.
705 1698 860 1782 Exempla
884 1697 976 1780 hujus
997 1699 1042 1760 rei
1059 1697 1189 1780 collegit
1208 1697 1394 1776 KcellreruS,

215 1830 287 1893 pag.
313 1809 501 1872 267-275.

304 1913 363 1978 Sed
388 1914 425 1976 de
449 1913 508 1978 hac
530 1913 697 1978 latitudine
721 1921 752 1976 et
776 1911 997 1976 commoditate
1027 1911 1147 1974 dicendi
1176 1911 1250 1974 satis
1274 1913 1393 1978 dictum
1469 1905 1474 1914 .

215 2025 270 2084 est.
319 2020 424 2084 Unum
457 2025 554 2084 restat
585 2040 844 2096 commemorare,
877 2017 959 2099 quod
993 2018 1075 2100 apud
1099 2017 1166 2081 Pol.
1200 2018 1263 2082 late
1295 2024 1393 2102 patet,

216 2127 358 2210 Scriptor
381 2127 463 2191 enirn
488 2131 574 2190 amat
599 2128 701 2208 loupis
724 2133 754 2190 et
778 2125 855 2189 latis
878 2124 982 2189 verbis
1011 2131 1041 2188 et
1068 2125 1229 2190 uocabulis
1264 2128 1327 2204 uti,
1359 2132 1396 2190 ut

215 2233 419 2296 latitudinem
443 2233 537 2297 etiam
560 2233 591 2296 in
618 2233 720 2295 forma
742 2232 939 2314 singulorum
963 2233 1187 2296 vocabulorum
1211 2233 1392 2297 habeamus.

305 2339 486 2424 Amplifioat
509 2344 541 2402 et
563 2344 727 2422 promovet
750 2339 901 2423 Polybius
929 2339 1153 2403 vocabulorum
1182 2341 1334 2418 formam,
1367 2342 1394 2404 si

214 2470 277 2510 non
301 2447 429 2524 aliare,
454 2451 487 2510 at
511 2451 593 2511 certe
616 2447 913 2530 praepositionibus:
938 2439 1168 2532 παρακομιδή
1192 2453 1393 2527 commeatus

215 2555 292 2618 alias
304 2545 493 2639 aoprdrip—
508 2553 742 2635 κατακρατεῖν
754 2554 894 2629 vincere,·
912 2543 1130 2637 προφολακή,
1148 2544 1392 2638 παραφολακνζ,

214 2654 479 2748 παραφυλάττειν
505 2699 544 2705 -
570 2655 727 2735 ἐξαοκεῖν
748 2668 798 2736 10,
820 2667 869 2735 10,
892 2667 920 2725 8.
948 2697 988 2703 -
1014 2653 1284 2742 παραχειμασία,
1310 2661 1393 2743 quod

215 2769 324 2833 vocab.
350 2767 417 2833 Pol.
443 2791 594 2851 usurpare
618 2768 705 2845 solet,
731 2771 823 2831 antea
845 2761 1009 2845 χειμασία,
1036 2770 1067 2831 et
1089 2767 1189 2830 multa
1214 2767 1287 2830 alia.

304 2875 425 2940 Deinde
457 2876 491 2939 in
522 2874 641 2939 deliciis
674 2874 771 2938 habet
795 2875 928 2958 scriptor
951 2875 1071 2956 amplas
1094 2874 1240 2938 vocabuli
1264 2874 1391 2952 formas,

214 2987 250 3046 ut
264 3004 356 3064 saepe
373 3004 450 3065 quos
471 2982 601 3046 dicimus
617 2980 831 3065 diphthongos
847 2980 995 3046 adhibeat
1011 2985 1066 3045 aut
1082 2981 1236 3064 pleniores
1254 2982 1392 3058 vocales3

214 3089 393 3172 saepissime
408 3089 509 3152 utitur
524 3088 720 3171 longioribus
737 3087 1021 3166 terminationibus,
1045 3093 1081 3151 ut
1104 3089 1139 3152 in
1155 3109 1215 3164 εια,
1240 3088 1394 3172 imprimis

216 3200 319 3260 autem
345 3196 517 3277 amplificat
541 3194 765 3278 compositione
790 3195 968 3259 verborum,

305 3303 374 3366 Ηοο
398 3302 467 3366 loco¹
497 3301 741 3366 innumerabiles
773 3324 897 3385 possum
923 3303 1034 3367 afferre
1058 3325 1163 3382 vocae,
1194 3304 1247 3367 sed
1276 3325 1393 3386 paucas

217 3433 400 3476 enumerare
423 3410 497 3473 satis
529 3410 649 3474 habeo:
683 3399 909 3488 κοιτάζεσθαι,
935 3449 974 3455 -
1002 3402 1195 3488 σύμπτωσις
1219 3449 1258 3454 -
1284 3431 1392 3489 παρα-

217 3540 343 3593 πτωσις
368 3556 408 3562 -
433 3509 638 3601 α’σπιδιιάτης
664 3555 701 3561 -
729 3511 889 3599 ἐπαρκεία
914 3557 953 3562 -
980 3508 1171 3600 ἐπικράτεια
1197 3557 1236 3562 —
1261 3538 1395 3600 προκοι-

215 3620 286 3689 τεία
310 3627 356 3709 (et
380 3618 568 3708 προκοιτία)
595 3661 635 3668 —
660 3615 829 3708 ἀνδρώδης
854 3663 894 3668 -
919 3616 1167 3708 κατασκήνιοσις
1192 3663 1232 3669 —
1258 3644 1393 3707 στρατο-

215 3727 333 3796 πεδεία
358 3770 397 3775 -
423 3724 589 3806 ἐξοδεύειν,
624 3725 749 3805 ἐξοδεία
776 3769 814 3776 -
840 3728 1035 3816 σιτηρέσιον,
1068 3725 1231 3810 σιταρκία,
1265 3752 1394 3811 σιτομε-

216 3835 289 3922 τρία
322 3879 362 3884 -
394 3834 583 3922 χορτολορία
616 3877 655 3883 —-
688 3830 839 3923 εὐημερία
869 3875 909 3882 -
935 3831 1118 3923 εέημέρημα
1144 3876 1183 3882 -
1210 3838 1393 3922 φολακεῖον,

217 3939 414 4032 ἀφυλακτεῖν
435 3985 475 3991 -
488 3937 641 4024 εὐτολμία
660 3983 701 3990 -
716 3929 861 4024 indubia
880 3981 924 3990 -
936 3937 1076 4030 άναζογή
1098 3983 1138 3994 -«
1156 3937 1394 4032 πολεμητήριον

217 4044 472 4138 άπαραχώρητος
505 4093 544 4098 -
578 4044 741 4137 εὐκίνητος
773 4037 812 4097 4
847 4043 1017 4137 ὁλοσχερής
1048 4090 1088 4095 -
1118 4042 1325 4138 άπολέμητος
1350 4094 1390 4100 -

217 4151 465 4242 α’νεπάγγελτος,
489 4162 590 4224 multa
615 4159 685 4223 alia.

285 4331 294 4350 ,
308 4269 370 4332 Pro
401 4257 486 4330 λάειν
517 4269 709 4349 (redimere),
743 4259 832 4341 λάσις
864 4267 1048 4349 plerumque
1083 4267 1216 4348 legimus
1252 4267 1393 4352 λοτροῦν,
