3176 4878
708 279 927 341 -44-

226 474 400 537 ποιεῖσθαι
418 468 548 556 ἐνέδρας
564 459 752 553 ἀντενέδρας
765 469 937 548 ἐπιθέσεις
950 463 1153 552 προσβολάς,·
1169 462 1275 553 άρχειν
1291 473 1403 554 χειροῖν

227 573 365 656 ἀδίκων,Ι
389 572 426 642 οδ
442 571 616 659 δυνάμενος
631 579 742 658 λαβεῖν
758 571 853 643 οὐδέν
869 571 965 662 ἀρχὸν
982 572 1048 641 οὐδ’
1066 573 1218 655 έξοπλον,·
1241 578 1403 664 διατηρεῖν

227 678 448 774 ἀφρουρήτους
472 677 731 773 ἀφορολογήτους
761 677 1097 765 ἀνεπισταθμεάτους.
1123 724 1164 732 -
1189 679 1319 761 πλωτός
1347 683 1403 749 καὶ

228 787 395 876 πορευτός.

273 961 274 964 ,
316 901 475 985 Imprimis
499 905 585 965 certa
608 901 762 984 adjectiva
785 905 816 964 et
836 901 984 965 adverbia
1000 922 1071 965 cum
1088 900 1180 964 certis
1200 900 1403 964 substantivis

231 1010 402 1092 conjuncta
424 1007 593 1072 habemus:

316 1104 422 1188 ἀίδιος
454 1103 624 1196 (πόλεμος)
658 1148 699 1158 —-
732 1103 871 1195 σοβαρός
906 1107 1058 1194 (ἐπιέναι,
1092 1107 1327 1190 ἐπιτίθεσθαι)
1361 1151 1401 1157 -

229 1211 389 1296 σύντονος,
415 1209 539 1302 ένερχάς
556 1213 700 1304 (πορεία)
724 1257 764 1309 -5
789 1208 1055 1302 καταπληκτικός
1071 1255 1112 1263 -
1130 1209 1273 1304 δαψιλής
1290 1217 1404 1300 (σῖτος,

229 1317 413 1413 ἐπαγωγή),
451 1364 491 1372 -
527 1317 715 1407 παράβολος
748 1328 886 1410 (pugna,
920 1307 1084 1413 proelium)
1115 1321 1223 1406 βίαιος
1252 1325 1403 1409 (τραῦμα,

229 1425 351 1519 πληγή)
377 1472 418 1479 -
442 1428 566 1516 καίριος
591 1425 806 1518 (τιτρώσκειν)
824 1473 865 1479 -
883 1425 983 1519 φορός
1007 1423 1154 1516 (ἀνεμος)
1173 1425 1405 1519 προτροπάδην

230 1523 399 1627 (φεύγειν).

319 1649 368 1712 Ex
400 1650 449 1714 his
479 1649 618 1733 vestigiis
650 1649 735 1712 haud
767 1649 830 1714 scio
863 1672 903 1712 an
927 1635 1143 1714 coniciendum
1167 1649 1208 1712 sit
1230 1671 1403 1712 sermonem

231 1777 428 1820 communem
462 1755 546 1818 illius
579 1756 690 1818 aetatis
724 1759 824 1820 certas
859 1755 1025 1833 formulaS,
1059 1777 1137 1838 quas
1173 1778 1229 1819 nos
1263 1756 1404 1832 dicimus

235 1861 453 1938 ,formelhafte
485 1861 753 1945 Verbindungen“
793 1867 824 1926 ct
859 1863 1013 1945 imprimis
1047 1862 1217 1946 adjectiva,
1253 1884 1332 1944 quae
1366 1862 1406 1926 ad

231 1972 316 2031 certa
338 1968 533 2032 substantiva
557 1969 629 2031 addi
652 1968 805 2047 solebant,
830 1969 921 2032 valde
944 1969 1114 2033 adamasse.

320 2074 481 2138 Postremo
498 2076 805 2150 commemorandum
823 2080 868 2138 est
884 2076 982 2139 multa
996 2075 1174 2160 Polybium,
1191 2099 1272 2160 quae
1288 2080 1406 2141 veteres

232 2182 373 2265 longiore
397 2183 564 2246 verborum
588 2182 720 2245 circuitu
740 2187 960 2264 exposuerunt,
984 2205 1075 2266 saepe
1091 2182 1253 2246 facilitatis
1273 2187 1304 2246 et
1319 2206 1404 2247 com-

232 2289 391 2352 moditatis
423 2311 516 2353 causa
545 2289 770 2372 compositione
798 2293 873 2370 apta
900 2289 934 2352 in
962 2312 1060 2352 unum
1094 2291 1223 2353 verbum
1252 2295 1403 2354 coartare.

231 2403 339 2474 Sermo
364 2405 446 2468 enim
471 2404 616 2468 militaris
640 2409 730 2487 aptas
754 2404 926 2468 locutiones
950 2404 1156 2469 desiderabat.

319 2514 539 2593 πυργομαχεῖν
552 2547 593 2555 -
609 2511 864 2590 θυμομαχεῖν-
879 2515 1078 2592 ψυχομαχεῖν
1091 2549 1132 2556 -
1144 2513 1348 2592 βιαιομαχεῖν
1368 2549 1406 2559 —-

231 2620 493 2699 μαχαιρομαχεῖν.

321 2717 475 2806 αὐτανδρί
498 2730 529 2789 et
552 2726 666 2809 adject.
691 2714 868 2806 αῖτανδρος
892 2748 949 2809 pro
973 2716 1083 2800 αὐτοῖς
1109 2727 1179 2800 τοῖς
1202 2715 1350 2806 ἀνδράσι.

321 2826 534 2912 παροπλίζειν
557 2832 652 2895 armis
675 2833 800 2914 privare
816 2833 967 2916 aliquem;
992 2825 1146 2916 ἀχορηγία
1163 2837 1195 2896 et
1210 2823 1408 2916 ἀχορηχησία

234 2939 341 3022 inopia
365 2943 564 3003 commeatus.

323 3037 423 3107 αδτδν
457 3036 621 3108 πιστεύειν
652 3068 708 3128 pro
740 3037 838 3106 αδτδν
862 3039 908 3119 εῖς
931 3038 1044 3106 πίστιν
1069 3043 1179 3106 δοῦναι
1205 3083 1246 3091 —-
1271 3039 1410 3121 ἔξοπλος

233 3146 441 3236 ἀπολέμητος
472 3190 512 3196 -
546 3142 717 3235 ἐναγώνιος
745 3190 785 3198 -
810 3143 1082 3237 ἀμφίστομος-
1108 3143 1342 3237 πρωτοστάτης
1367 3191 1408 3198 -

235 3247 460 3344 σημαιοφόρος
485 3295 525 3302 -
550 3249 571 3344 ἡ
596 3251 875 3344 κατάφρακτος
897 3255 1005 3333 ῖππος
1028 3259 1176 3323 loricatus
1192 3260 1350 3342 equitatus
1367 3298 1408 3305 -

235 3359 452 3447 ῖπποκρατεῖν
484 3402 525 3410 -
556 3364 834 3446 θαλαττοκρατεῖν
861 3402 899 3410 -
925 3355 1182 3448 ἀπαραχώρητος
1213 3367 1267 3450 qui
1303 3369 1410 3433 cedere

235 3475 332 3538 nescit
364 3509 405 3518 —-
437 3462 632 3553 ἀφωνιάζειν
662 3473 852 3555 stipendium
885 3472 1003 3536 solvere
1036 3509 1077 3517 -—
1110 3452 1334 3552 δυσπρόσοδος
1367 3511 1408 3519 -—

235 3570 555 3664 δυσπαραβοήθητος
591 3617 632 3624 -
667 3571 938 3662 ἀπραχμάτευτος
974 3617 1015 3625 -
1049 3571 1309 3664 ἀπαρατηρήτως
1342 3583 1410 3647 sine

235 3687 390 3766 cautione,
418 3710 450 3751 se
474 3709 537 3752 non
561 3692 670 3772 tegens
694 3723 735 3731 —-
760 3688 947 3765 χειμασκεῖν
970 3725 1011 3732 -
1037 3678 1243 3769 νεοσύλλογος
1267 3725 1308 3732 -
1334 3687 1408 3752 δυσ-

236 3784 450 3878 πολιόρκητος
483 3831 524 3838 -
556 3793 762 3872 ταχυναυτεῖν
795 3831 836 3838 -
868 3792 1060 3872 ταχυπλοεῖν
1092 3829 1132 3838 -
1167 3785 1342 3872 ὁμοπλοεῖν
1367 3833 1408 3840 -

235 3890 401 3985 κατοροῖν,
428 3897 565 3983 έποροῦν
588 3923 735 3985 prospero
760 3905 853 3965 vento
877 3903 933 3979 uti,
959 3906 991 3966 et
1014 3901 1114 3964 multa
1137 3901 1209 3964 alia.

325 4017 507 4083 Nonnullae
531 4039 620 4082 voces
644 4041 662 4080 a
687 4017 818 4100 Polybio
842 4017 969 4100 propria
993 4020 1024 4080 et
1047 4015 1184 4098 speciali,
1213 4038 1308 4098 quam
1332 4018 1410 4081 dici·

179 4177 180 4184 ,
237 4149 314 4204 mus,
339 4125 570 4209 significatione
594 4124 834 4202 adhibebantur,
860 4124 892 4186 in
910 4145 1044 4206 quarum
1060 4123 1164 4187 locum
1181 4122 1243 4185 alia
1259 4124 1410 4188 vocabula

238 4233 401 4298 succedere
433 4231 614 4315 oportebat,
645 4231 731 4296 velut
762 4221 984 4313 στρατόπεδον
1015 4231 1098 4313 apud
1131 4229 1196 4292 Pol.
1232 4229 1410 4312 significare
