3176 4878
694 287 905 350 ..37-

215 481 317 544 forma
340 480 472 544 alteram
496 481 641 562 excipiat,
666 481 916 562 respondendum
941 487 996 557 est,
1021 482 1078 545 has
1097 481 1270 545 formarum
1287 481 1389 544 diver-

214 587 321 650 sitates
345 588 528 652 minutiores
551 591 582 651 et
606 587 796 651 difficiliores
820 610 899 666 esse,
931 611 1026 672 quam
1055 593 1090 650 ut
1118 610 1225 651 earum
1248 588 1387 651 ordinem

214 697 279 757 tam
303 695 470 778 diligenter
493 696 636 759 observet
659 717 755 778 quam
779 697 813 758 in
836 694 932 778 longa
955 696 1032 758 serie
1060 699 1226 760 totorum
1253 696 1389 759 vocabu-

216 801 320 865 lorum
359 805 391 864 et
426 800 617 864 locutionum
653 802 773 864 factum
810 805 865 865 est.
922 801 1066 866 Ceterum
1104 801 1184 865 haud
1219 803 1265 864 ita
1300 803 1393 865 anxie

216 908 311 991 hujus
334 908 516 972 variationis
539 907 712 972 studiosum
735 907 830 971 fuisse
857 907 923 971 Pol.
947 913 1034 990 puto,
1063 909 1094 971 id
1118 909 1201 991 quod
1225 931 1288 972 non
1312 930 1389 990 opus

216 1017 275 1088 est,
307 1014 458 1096 qnoniam
481 1014 515 1077 in
539 1015 649 1078 ceteris
672 1014 822 1077 orationis
845 1015 989 1096 partibus
1012 1015 1268 1097 diligentissimus
1291 1020 1337 1078 est
1360 1019 1391 1078 et

216 1121 302 1185 velut
318 1121 505 1184 vocabulum
521 1119 599 1194 ναῦς
616 1142 679 1184 non
695 1121 809 1184 iterum
826 1121 932 1184 statim
949 1119 1035 1200 ναός,
1053 1122 1105 1185 sed
1122 1119 1246 1193 πλοῖον,
1264 1110 1390 1207 σκάφος

216 1227 303 1311 sequi
326 1227 414 1290 solet.

304 1352 410 1418 Unum
428 1377 513 1430 sane,
537 1355 721 1436 priusquam
736 1354 980 1436 disputationem
996 1355 1033 1418 de
1049 1354 1223 1418 variatione
1239 1355 1278 1417 ad
1295 1355 1390 1417 finem

216 1461 394 1542 perducam,
419 1461 727 1524 commemorandum
751 1467 810 1524 est:
837 1461 1002 1524 Nonnulla
1025 1461 1134 1524 hiatus
1151 1461 1274 1524 vitandi
1292 1483 1390 1525 caasa

216 1569 394 1639 varicator,
419 1569 470 1632 sed
488 1568 639 1650 ejusmodi
655 1569 798 1651 exempla
815 1569 914 1632 multo
930 1569 1079 1651 pauciora
1095 1572 1177 1646 sunt,
1199 1591 1291 1650 quam
1311 1590 1390 1652 quae

219 1698 275 1758 per
298 1697 330 1738 se
354 1675 421 1756 ipsa
444 1675 511 1738 sine
534 1674 600 1738 ulla
624 1675 686 1738 alia
710 1697 804 1762 causa
827 1677 998 1739 variantur.

306 1805 337 1878 2,
361 1825 428 1886 cap.
454 1805 495 1867 20
520 1803 686 1866 habemus:
720 1797 930 1885 ἐπαγγέλλειν
960 1792 1101 1880 πόλεμον
1132 1805 1202 1885 post
1226 1800 1333 1863 vocab.
1357 1800 1389 1862 in

218 1915 441 1974 consonantem
465 1909 618 1985 excidens,
643 1907 868 1992 προογγέλλειν
891 1913 961 1992 post
985 1907 1133 1971 vocalem.

306 2033 480 2098 Kaelkerus
504 2034 536 2096 in
561 2033 777 2097 dissertatione
800 2055 856 2096 sua
872 2033 961 2096 dicit:
988 2032 1071 2095 Ante
1091 2035 1296 2095 consonantes
1312 2030 1391 2094 solet

216 2141 350 2204 scribere
369 2140 434 2203 Pol.
460 2130 612 2218 decaedat,
637 2144 747 2204 contra
770 2143 843 2202 ante
867 2139 1008 2204 vocalem
1031 2127 1194 2201 detrudam
1235 2137 1390 2220 Equidem

218 2247 420 2329 praetulerim
445 2247 504 2311 hoc
527 2249 619 2312 modo
643 2270 709 2310 rem
732 2247 919 2329 explanare:
946 2247 1029 2308 Ante
1054 2243 1193 2308 vocalem
1209 2245 1305 2308 habet
1321 2242 1388 2307 Pol.

219 2342 388 2432 δεικνύειν,
413 2352 491 2416 alias
514 2352 616 2416 variat
631 2352 765 2428 lormas3
790 2351 877 2415 velut
891 2351 1067 2415 invenimus
1084 2341 1303 2432 ἀναζευγνύειν
1319 2355 1392 2413 ante

217 2463 441 2524 consonantem
471 2464 500 2537 3,
534 2460 586 2536 78,
620 2462 656 2534 5;
691 2482 771 2542 quae
795 2458 906 2541 regula
933 2459 972 2521 ad
996 2480 1103 2522 omnes
1127 2457 1192 2521 fere
1215 2458 1391 2535 varietates,

218 2587 295 2647 quas
319 2565 493 2628 Kaelkerus
516 2563 655 2648 praefert
677 2587 696 2627 a
718 2562 786 2626 Pol.
812 2564 916 2627 hiatus
948 2564 1068 2627 vitandi
1100 2586 1193 2627 causa
1224 2563 1392 2640 adhibitas,

217 2671 392 2735 revocanda
416 2675 475 2734 est:

311 2778 339 2854 1,
372 2779 401 2854 2,
439 2779 471 2840 l:
507 2768 551 2851 ὥς
583 2773 612 2838 δ’
644 2772 714 2838 ἔστι
746 2765 949 2858 παράδοξον,
986 2796 1176 2860 quamquam
1208 2767 1258 2836 ὅτι
1289 2777 1393 2841 locum

220 2883 336 2947 habere
361 2887 472 2964 potest.
1024 2887 1029 2896 '

311 2991 338 3065 1,
364 2993 394 3067 4,
421 2991 457 3053 8:
482 2981 691 3075 ὁμολογήσειν
715 2978 838 3068 διότι,
863 3012 920 3072 ρετ
943 2980 1117 3053 decoratio
1140 3011 1204 3052 non
1228 2990 1340 3054 hiaret.

313 3106 340 3176 1,
365 3105 417 3174 72,
442 3099 478 3160 2;
503 3095 638 3171 πολλοῖς
662 3086 853 3178 άνώτερον
875 3087 1000 3178 χρόνοις
1022 3118 1079 3179 pro
1102 3085 1178 3156 όνω.

309 3197 554 3287 προσαγγελίας
578 3192 672 3264 διότι
699 3210 749 3278 10,
776 3210 828 3279 49,
857 3210 884 3268 l.

308 3303 409 3394 χάριν
433 3301 527 3373 διότι
556 3318 604 3388 10,
629 3313 682 3385 46,
708 3318 743 3386 4;

308 3413 497 3503 βακτηρίας,
521 3408 683 3492 adactam
707 3410 824 3480 ἔπειτα
847 3418 985 3482 sufficiat
1010 3418 1061 3494 10,
1086 3418 1139 3494 44,
1165 3419 1193 3481 7.

309 3533 507 3622 θαυμάσειε
523 3533 589 3628 τήν,
607 3544 700 3607 etiam
717 3548 789 3606 ante
806 3544 1025 3606 consonantem
1043 3541 1171 3623 ponitur
1187 3541 1344 3621 optativus
1359 3540 1392 3603 in

220 3673 273 3725 ειε,
300 3673 363 3713 non
387 3651 486 3715 solum
512 3654 585 3713 ante
608 3651 748 3714 vocalem
775 3650 824 3727 10,
851 3650 904 3726 44,
930 3650 965 3724 7;

309 3767 676 3858 άνθομολογρσαμένιον
690 3765 783 3837 διότι
804 3780 851 3851 10,
867 3780 918 3852 38,
934 3779 969 3848 2;
988 3765 1083 3850 ἔχειν
1096 3762 1188 3832 διότι
1204 3777 1253 3845 10,
1269 3777 1320 3844 37,
1341 3775 1393 3844 10,·

310 3897 456 3984 φυλακῆς
480 3893 592 3962 ἕνεκεν
615 3899 683 3961 τῶν
707 3888 957 3981 σογκοροόντων,
982 3902 1055 3960 ante
1078 3899 1288 3960 consoantem.

311 4024 383 4088 Pari
407 4025 499 4089 modo
522 4026 554 4088 in
580 4024 739 4088 vocabulis
763 4022 952 4087 militaribus
977 4021 1166 4084 variationes
1181 4042 1252 4084 raro
1269 4020 1308 4083 ad
1326 4019 1394 4082 hia·

220 4137 288 4196 tum
321 4133 499 4196 referendas
532 4155 596 4196 esse
629 4132 706 4196 haec
738 4131 881 4212 exempla
913 4130 1037 4193 docent:
1073 4129 1108 4204 3,
1139 4127 1190 4200 74,
1222 4129 1241 4189 2
1266 4120 1394 4207 δίωγμα

222 4239 324 4302 locum
357 4238 474 4303 habere
504 4240 620 4321 optime
653 4242 756 4321 potest
787 4241 916 4320 propter
946 4240 1126 4319 sequentem
1160 4236 1393 4309 consonantem,
