3176 4878
652 381 956 454 -23-‘

170 587 316 651 ziehen“.
356 585 436 651 Ibem
460 581 708 660 ἐξαποστέλλειν
731 582 789 649 ἐπὶ
811 581 871 660 τοὶς
895 575 1029 668 πράξεις
1051 587 1169 669 optime
1192 593 1349 653 vertamus

170 715 229 776 per
254 694 313 771 „ad
337 692 454 757 bellum
478 692 635 772 mittere,“
659 693 708 757 ins
732 693 808 758 Feld
831 691 995 768 sohieken;
1020 693 1152 776 saepius.

262 816 318 881 Ad
340 817 453 882 bellam
464 817 628 897 proficua·
644 821 737 881 antea
752 821 798 882 eat
818 807 1043 898 στρατεύομαι,
1068 818 1151 901 apud
1167 818 1234 883 Pol.
1253 819 1348 904 vulgo

168 915 358 1005 στρατεύειν
381 922 430 986 vel
454 912 678 1004 ἐκστρατεύειν
701 924 734 986 in
758 925 861 988 aoiivo
885 945 1009 1008 genere.

263 1048 356 1130 Apud
379 1049 553 1131 superiores
576 1049 727 1112 habemus
751 1041 875 1122 ἔξοδος,
906 1041 1016 1122 ἔξοδον
1047 1048 1233 1123 ποιεῖσθαι,
1265 1051 1347 1133 quod

170 1155 270 1219 eiiam
293 1155 376 1237 apud
400 1160 539 1220 nostrum
565 1133 714 1233 ooourrit3
740 1155 873 1219 aceedit:
898 1145 1068 1229 ἒξοδεύεινε
1092 1149 1248 1218 Λυττίιου
1271 1151 1307 1231 ἐξ
1335 1191 1349 1202 -

169 1250 333 1323 δευκύτιυν
357 1254 403 1336 εἰς
425 1255 483 1347 τὴν
507 1255 666 1341 πολεμίαν
686 1254 851 1344 πανδημεί
867 1270 896 1338 4,
916 1268 966 1340 54,
988 1269 1021 1340 1;
1047 1256 1218 1337 aguaria:
1244 1284 1348 1343 παρα-

171 1356 336 1449 γενόμενοι
360 1362 441 1449 πρὸς
465 1361 522 1455 τὴν
545 1359 640 1431 πόλιν
664 1360 733 1429 α’πύ
756 1366 815 1452 τῆς
835 1362 978 1443 ἐξούείας
994 1377 1024 1448 4,
1044 1376 1095 1448 54,
1113 1376 1147 1447 3;
1172 1393 1254 1434 nova
1276 1375 1350 1433 sunt

171 1475 336 1555 voeabula,
361 1476 421 1542 nisi
445 1478 528 1561 quod
551 1469 661 1551 ἐξούία
685 1476 770 1560 apud
794 1476 909 1540 Herod.
934 1476 1079 1560 legimus.

207 1689 255 1754 De
278 1691 448 1770 vocabulis,
474 1713 555 1774 quae
577 1691 761 1775 significant
783 1698 891 1757 costra
914 1712 1043 1770 movere,
1065 1691 1219 1774 μνομιεύύ
1242 1711 1312 1756 σανα

684 1799 834 1864 exercita.

262 1936 301 2000 In
328 1941 469 2002 veterum
500 1959 558 2000 usu
582 1940 628 2002 esi
650 1937 846 2020 potissimum
869 1929 1111 2019 ἅναξευγνύναι,
1140 1939 1223 2022 quod
1254 1940 1349 2003 etiam

171 2046 256 2128 apud
288 2047 429 2108 nostrum
459 2066 551 2126 saepe
581 2044 725 2128 legimus.
773 2045 998 2109 Annoiandum
1030 2048 1076 2107 est
1108 2044 1276 2131 Polybium
1308 2047 1347 2110 ad

171 2154 303 2217 verbum
316 2141 542 2233 ἀναζευγνύναι
557 2151 788 2216 substantivum
803 2140 942 2237 ύναζυμὴ
956 2152 1154 2216 formavisse:
1170 2152 1347 2214 ποιεῖσθαι

173 2268 336 2362 ύναζυγύν
359 2276 539 2359 saepissime
561 2275 707 2360 legimus.

261 2383 406 2467 Xenoph.
421 2383 603 2466 frequenter
614 2383 714 2446 utitur
730 2383 882 2448 vocabulo
899 2373 1143 2459 ύυασκευάζειν,
1159 2406 1239 2468 quae
1255 2383 1348 2466 hujus

172 2491 262 2556 verbi
284 2492 371 2556 notio
395 2491 478 2574 apud
501 2494 643 2554 nostrum
666 2513 730 2554 non
754 2495 865 2554 exsiai.

263 2612 356 2679 Nove
378 2614 532 2679 voeabula
554 2614 706 2694 accedunt
729 2616 812 2699 apud
828 2616 911 2680 Pol.:
936 2615 1035 2678 κινεῖν
1057 2615 1215 2680 intransit.
1239 2615 1348 2679 iudea

171 2721 255 2785 Pol.:
281 2713 413 2783 ούύύπιο
436 2711 654 2804 κεκινηκύτιον
678 2715 714 2783 ἐκ
737 2721 796 2806 τῆς
819 2716 941 2798 οἰκείας
964 2723 1028 2784 τῶν
1051 2721 1182 2785 Κελτῶν
1200 2729 1229 2801 2,
1247 2728 1288 2787 22
1308 2727 1348 2798 8,·

172 2852 266 2913 saepe
296 2831 392 2894 etiam
423 2829 588 2893 transitive
619 2832 806 2911 usurpatur,
834 2833 884 2893 ut:
919 2822 977 2916 τὴν
1010 2827 1075 2890 τῶν
1112 2823 1219 2903 πεζῶν
1250 2820 1345 2890 ἐκίνει

174 2925 310 3015 δύναμιν
334 2931 369 2998 ἐκ
392 2934 450 2997 τοῦ
472 2926 613 3017 χάρακος
637 2929 682 3010 εἰς
698 2930 832 3017 πορείαν
850 2943 879 3012 3,
898 2943 949 3011 45,
969 2943 1006 3013 6;
1030 2935 1128 2998 κινεῖν
1145 2935 1205 2999 hao
1220 2934 1347 2998 notione

173 3044 421 3127 comparandum
444 3047 491 3107 esi
513 3065 584 3106 oum
607 3043 707 3108 latino
731 3064 860 3108 movere.

264 3150 403 3214 Verbum
435 3151 597 3233 proprium
630 3154 676 3214 est
699 3150 782 3232 apud
807 3149 873 3212 Pol.
898 3171 955 3231 pro
979 3155 1085 3214 eastra
1108 3164 1227 3211 movere
1250 3138 1346 3208 ἅνα-

174 3247 524 3341 στρατοπεδεύειν,·
549 3257 659 3337 (eiiam
681 3258 778 3321 subst.
804 3249 1042 3337 στρατοπεδεία
1064 3277 1157 3338 saepe
1180 3253 1346 3338 legimus);

173 3370 343 3448 uirumque
366 3387 432 3430 voe.
457 3367 549 3448 prim.
574 3365 656 3447 apud
680 3363 748 3428 Pol.

264 3467 413 3556 ε’ξαίρεινε
439 3461 609 3556 ἐξάραντες
632 3463 733 3533 παντί
755 3469 802 3554 τῷ
826 3459 1044 3553 στρατεύματι
1061 3476 1092 3548 2,
1117 3474 1168 3544 23,
1195 3473 1231 3545 4,·
1254 3468 1346 3551 prim.

174 3582 258 3665 apud
283 3581 350 3644 Pol.

264 3677 411 3750 αὐαλύειν
434 3687 613 3770 saepissime
637 3686 719 3768 apud
744 3689 896 3748 nostrum.
931 3673 1081 3746 ἀνέλυσεν
1105 3677 1141 3744 ἐκ
1157 3680 1221 3743 τῶν
1236 3672 1349 3744 τόπων

175 3804 204 3872 2,
231 3802 283 3870 32,
310 3803 347 3869 3;
375 3801 424 3872 16,
452 3801 501 3869 19,
531 3801 587 3870 10;
612 3782 759 3856 α’ναλύειυ
783 3793 843 3856 hae
865 3795 931 3855 noi.
955 3793 1048 3874 prim.
1073 3790 1156 3872 apud
1179 3788 1247 3853 Pol.

266 3915 421 4001 Corripere
446 3919 586 4000 (copias)
616 3921 662 3981 esi
689 3918 859 3982 veteribus:
891 3906 1036 3998 ἀγείρειν,
1065 3910 1242 3996 συλλέγειν,
1276 3933 1348 3976 συν-

175 4014 281 4108 σίγειν,·
303 4015 469 4108 ἀθροίζειν
499 4025 582 4107 apud
606 4024 723 4088 Herod.
755 4019 894 4088 nondum
923 4026 1033 4101 exstat,
1058 4021 1157 4086 Thue.
1188 4022 1348 4106 interdum

175 4131 389 4213 utitur,Xen.
421 4153 513 4214 saepe
540 4131 678 4210 adhibet,
703 4131 786 4213 apud
810 4132 952 4193 nostrum
974 4128 1136 4212 proprium
1165 4128 1231 4194 fere
1254 4152 1347 4193 voea-

176 4239 286 4302 bulum
308 4261 366 4321 pro
390 4238 536 4321 colliqere
559 4242 614 4301 esi.
655 4235 795 4319 Simplex
811 4225 947 4316 ἀγείρειν
963 4237 1092 4301 omniuo
1109 4237 1191 4319 apud
1207 4240 1347 4300 nostrum

175 4369 239 4412 non
263 4345 408 4425 occurrii,
434 4338 628 4428 συναγείρειν
653 4367 714 4408 uno
737 4343 806 4408 loeo
829 4342 935 4406 inveni
960 4345 990 4418 2,
1016 4344 1068 4422 18,
1094 4346 1123 4408 7.
