3176 4878
523 1365 552 1432 1.
577 1363 629 1428 1)ο
653 1365 904 1430 vocabulorum
930 1366 1042 1447 eopia.

258 1543 304 1607 De
328 1545 496 1618 vocabulis,
521 1568 601 1628 quae
625 1545 821 1629 significant:
846 1545 971 1621 bellem,
993 1559 1120 1628 ραγνιο,
1135 1548 1302 1628 proelium.

287 1687 419 1766 Bellum,
445 1691 481 1750 ut
504 1688 587 1770 apud
602 1687 775 1770 superiores
791 1687 967 1770 scriptorere,
992 1689 1088 1752 etiam
1103 1691 1186 1772 apud
1203 1689 1370 1775 Polybium

196 1799 242 1860 est
265 1789 417 1874 πόλεμος.

286 1901 335 1964 Ad
366 1905 506 1966 veterum
540 1901 712 1964 locutiones
742 1923 814 1964 eum
846 1901 905 1964 hoe
929 1901 1081 1966 vocabulo
1110 1903 1304 1986 conjunctae,
1336 1908 1371 1972 ut

197 1997 339 2088 πόλεμον
363 2000 503 2089 ἐγείρειν,
529 1998 683 2088 αἴρεσθαι
708 2009 790 2092 apud
814 2014 956 2071 nostrum
981 2031 1080 2072 novae
1103 2011 1263 2074 accedunt:
1293 2030 1370 2091 σογ-

195 2112 266 2194 χέαι
290 2105 444 2195 πόλεμον,
469 2115 605 2178 conflere
630 2115 745 2178 bellum
770 2117 801 2191 4,
831 2116 879 2191 10,
905 2117 938 2190 3;
978 2117 1028 2192 15,
1053 2118 1083 2194 2,
1113 2118 1147 2192 4;
1185 2117 1238 2195 28,
1265 2118 1315 2195 15,
1340 2119 1369 2180 6.

284 2213 448 2303 ἀνταίρειν
481 2211 625 2301 πόλεμον
658 2223 712 2300 15,
739 2225 772 2300 7,
801 2223 835 2300 8;
871 2212 1109 2300 ἀναλαμβάνειν
1142 2211 1217 2286 πόλ.
1254 2222 1371 2288 bellum

195 2329 351 2412 suscipere
375 2331 405 2407 2,
431 2331 483 2407 46,
512 2329 545 2406 1;
571 2292 678 2414 wi,
706 2330 733 2392 1.

285 2431 431 2521 ἐκφέρειν
456 2426 599 2515 πόλεμόν
622 2455 684 2497 τινι
708 2436 825 2500 bellum
849 2436 966 2500 inferre
994 2438 1025 2514 4,
1051 2439 1080 2514 5,
1108 2439 1164 2513 10;
1192 2430 1372 2521 (ἐπιφέρειν

192 2545 259 2628 jem
284 2549 376 2608 antea
399 2545 432 2607 in
456 2566 512 2608 usu
536 2543 722 2626 versetur).'

286 2640 513 2732 συνταράττειν
536 2642 592 2710 τὸν
616 2638 759 2724 πόλεμον
782 2652 814 2726 4,
841 2649 891 2727 14,
916 2651 936 2712 4
961 2650 1034 2728 (hae
1058 2651 1195 2715 formula
1219 2652 1256 2715 de
1273 2653 1371 2716 lebino

196 2759 313 2822 bellem
336 2757 504 2838 pertubare
527 2755 757 2838 admonemur.)

285 2859 508 2946 ἐπαγγέλλειν,
541 2861 769 2944 προαγγέλλειν
803 2854 946 2943 πόλεμον
978 2866 1054 2930 dicit
1088 2865 1217 2950 Polyb,
1255 2866 1372 2949 priores

197 2973 348 3055 praebent
372 2961 610 3053 προαγορεύειν,
636 2971 809 3050 προειπεῖν
833 2962 985 3050 πόλεμον.
1201 2951 1204 2958 ’

276 3070 401 3157 Ἀχαιοί
426 3070 469 3154 ὥς
494 3077 620 3139 θᾶττον
643 3067 814 3139 ἀπέθεντο
838 3069 1005 3159 πόλεμον,“
1031 3084 1064 3142 ut
1088 3080 1226 3162 primum
1248 3079 1368 3143 bellum

196 3188 407 3269 deposuerunt
430 3184 553 3268 (Livius
577 3186 607 3263 4,
633 3184 668 3267 6)
693 3187 722 3263 5,
749 3185 821 3263 106,
851 3187 878 3249 1.

285 3293 471 3358 Brevissime
495 3294 611 3357 dietum
636 3295 698 3356 esi:
724 3293 824 3353 Σαονῖ
838 3313 887 3367 τις
902 3281 990 3374 χώρα
1006 3292 1135 3355 πολλῶν
1155 3284 1273 3375 χρόνων
1289 3285 1372 3356 ἀπο-

196 3395 333 3485 λέμητος
357 3403 388 3479 3,
412 3403 464 3479 90,
492 3403 525 3478 7;
551 3401 641 3482 prim.
667 3400 750 3483 apud
774 3398 886 3484 Polyb.

286 3507 426 3572 Verbum
449 3508 606 3590 poeticum
624 3512 669 3571 est
692 3498 807 3584 ἀΐδιος,
833 3507 916 3590 quod
933 3506 1000 3569 Pol.
1018 3507 1140 3589 saepius
1157 3507 1285 3572 adhibet
1302 3531 1373 3571 eum

196 3605 340 3696 πόλεμος
372 3620 403 3679 eb
436 3605 541 3699 εἰρήνη
565 3615 781 3698 conjunctum:
816 3608 913 3697 ἀϊδίῳ
937 3609 1122 3691 συνέχονται
1151 3610 1207 3674 καὶ
1231 3611 1376 3697 δοσχερεῖ

195 3718 331 3806 πολέμῳ
364 3727 514 3806 perpetuo
547 3728 577 3786 et
610 3725 699 3806 gravi
732 3723 812 3787 bello
844 3722 995 3804 implicati
1021 3725 1103 3801 sunb,
1137 3712 1244 3798 ἀΐδιος
1267 3713 1374 3808 εἰρήνη

199 3832 250 3908 13,
275 3833 305 3908 9,
332 3833 362 3894 3.

287 3928 336 3996 Τά
362 3929 444 4019 πρὸς
467 3929 526 4011 τοὶς
549 3930 733 4015 πολεμικάς
747 3931 858 4016 χρείας
876 3939 905 4012 6,
923 3938 975 4014 52,
996 3938 1022 4012 1,
1047 3957 1095 3999 res
1112 3935 1267 4012 militarie,
1291 3937 1374 4000 idem

197 4046 280 4129 quod
304 4049 396 4108 antea
420 4042 467 4126 (eb
481 4045 562 4126 apud
581 4043 662 4125 Pol.)
687 4036 728 4103 τοί
745 4043 802 4105 τοῦ
818 4039 974 4122 πολέμου,
999 4036 1041 4102 τοὶ
1058 4038 1132 4125 περὶ
1149 4035 1205 4103 τόν
1222 4035 1374 4120 πόλεμον.

285 4151 357 4216 Jam
385 4152 607 4234 disputandum
637 4155 683 4215 est
705 4152 743 4215 de
766 4150 945 4225 vocabuliS,
978 4172 1059 4232 quae
1083 4154 1196 4213 notent
1223 4171 1372 4233 pugnem,

195 4259 361 4344 proelium.
