3176 4878
663 285 882 348 ..12-

190 472 396 544 οῗστασίαστα
421 471 536 567 πλήθη
570 483 619 558 11,
647 483 697 559 19,
723 485 759 558 3;
793 473 823 542 oi
847 469 933 558 ὄχλοι
961 483 1010 559 11,
1039 483 1089 558 10,
1115 484 1149 558 9;
1177 483 1227 560 11,
1254 483 1305 561 18,
1331 485 1364 556 7;

139 639 142 649 .
191 581 221 650 oi
245 584 361 651 πολλοί
387 592 436 666 10,
463 591 514 666 23,
540 591 578 664 9;
607 591 657 667 11,
682 590 734 667 31,
760 591 790 653 2.

279 703 391 794 ἄνδρες
416 713 446 789 3,
472 715 523 792 87,
552 716 566 776 1
600 737 657 796 pro
688 713 883 796 στρατιῶται
916 715 997 796 apud
1022 714 1089 778 Pol.
1115 715 1215 778 multo
1242 715 1366 797 saepius

190 843 287 904 quam
310 820 391 902 apud
414 820 534 902 priores
558 820 590 882 in
615 843 670 884 usu
695 843 760 884 esse
783 821 936 885 existimo.

278 943 463 1026 Imperator,
488 944 561 1023 dux,
585 945 696 1008 ductor
719 949 765 1008 est
788 946 870 1028 apud
894 950 1013 1010 veteres
1037 935 1225 1029 στρατηγός,
1250 935 1364 1026 ἅρχων,

190 1041 334 1134 ἠρεμοίη
359 1052 452 1114 etiam
472 1051 614 1133 particip.
633 1049 819 1134 στρατηγῶν
836 1051 1066 1134 frequentatur.
1091 1051 1168 1116 lnde
1184 1075 1203 1115 a
1219 1051 1364 1134 Xenoph.

189 1162 290 1221 aetate
321 1156 540 1238 reposcentem,
572 1193 615 1201 -
648 1147 889 1237 στρατεύματος
913 1155 993 1220 Xen.
1018 1179 1110 1220 mem.
1136 1158 1166 1235 3,
1191 1160 1248 1233 43;
1282 1160 1365 1242 apud

190 1263 256 1329 Pol.
273 1265 324 1341 11,
341 1264 391 1343 16,
405 1264 440 1339 4;
466 1265 495 1342 2,
511 1265 563 1341 67,
577 1264 607 1326 4.
625 1263 720 1327 semel
733 1263 993 1346 deprehendimus
1010 1254 1196 1348 προστάτης
1211 1301 1255 1310 -
1270 1260 1366 1347 χωρὶς

190 1361 343 1455 ἡγεμόνος
377 1365 433 1431 καὶ
467 1361 652 1451 προστάτου
687 1372 716 1447 6,
753 1372 805 1449 24,
842 1373 876 1452 7;
914 1371 972 1435 hac
1000 1371 1128 1435 notione
1157 1372 1249 1455 prim.
1283 1373 1365 1456 apud

190 1482 341 1541 nostrum.

279 1596 310 1664 οἱ
333 1591 504 1685 ἡγούμενοι
527 1603 636 1688 duces,
669 1603 811 1667 ductores
842 1603 1035 1685 saepissime,
1068 1604 1159 1685 prim.
1190 1606 1271 1688 apud
1297 1605 1364 1670 Pol.

191 1711 289 1793 Saepe
313 1710 489 1774 invenimus
513 1707 547 1770 οἵ
569 1705 627 1771 ἐπὶ
651 1709 715 1770 τῶν
739 1702 819 1771 ὅλων
840 1705 1031 1793 ἐφεστῶτες,
1056 1709 1137 1773 idem
1161 1713 1243 1794 quod
1269 1732 1365 1794 στρα-

189 1811 282 1901 τηγοί
305 1815 656 1900 (Oberbefehlshaber);
692 1809 724 1878 oi
757 1811 842 1878 κατὰ
869 1813 965 1899 μέρος
992 1808 1150 1901 ἡγημόνες
1176 1819 1257 1882 idem
1282 1820 1365 1903 quod

190 1930 282 1988 antea
313 1915 466 2002 Ιὕπαρχοι,
503 1925 585 2007 apud
616 1924 695 1988 Xen.
730 1915 973 2008 ὑπσστρατῃγοί
1002 1923 1363 2006 (Unterbefehlshaber).

281 2053 308 2127 1,
335 2052 387 2127 69,
417 2053 451 2112 11
478 2055 696 2133 opponuntur:
730 2039 883 2133 ἡγεμόνες
912 2045 967 2110 καὶ
991 2043 1120 2112 ἰδιῶται
1150 2087 1193 2094 ——
1222 2051 1365 2116 ductores

189 2162 220 2220 ct
254 2158 392 2241 gregarii
429 2157 551 2220 milites.
600 2147 731 2240 ἰδιώτης
762 2157 821 2220 hac
852 2157 979 2220 notione
1012 2157 1084 2221 inde
1113 2180 1131 2220 a
1155 2157 1234 2221 Xen.
1260 2159 1362 2222 Anab.

192 2268 220 2342 r,
245 2267 275 2343 a,
303 2265 360 2341 n;
393 2266 423 2342 a,
448 2265 478 2342 2,
504 2265 556 2327 32.
603 2263 671 2328 ror.
700 2265 731 2340 ε,
761 2265 791 2341 ε,
820 2265 873 2327 ao.
913 2265 961 2341 ro,
999 2264 1048 2336 re,
1079 2247 1122 2340 4;'
1151 2265 1234 2347 apuu
1262 2264 1362 2330 rhun.

189 2372 356 2455 significat.
380 2373 489 2436 vocab.
514 2371 648 2436 tironem
672 2371 704 2434 in
729 2393 762 2435 re
786 2370 916 2434 militari
942 2372 971 2447 6,
997 2371 1054 2445 723
1113 2421 1117 2432 .

278 2569 326 2632 De
350 2568 521 2641 vocabulis,
546 2591 626 2651 quae
649 2569 693 2632 ad
718 2574 917 2631 armaturam
940 2567 1092 2631 exercitus
1114 2571 1266 2658 spectarit.

280 2711 373 2793 Apud
397 2716 517 2774 veteres
541 2701 679 2785 ὁπλίζω,
705 2701 851 2788 ὅπλισις,
880 2699 1058 2789 ὁπλισμόςς
1092 2710 1164 2773 inde
1189 2733 1207 2773 a
1230 2710 1310 2774 Xen.
1335 2717 1367 2776 et

190 2818 300 2902 Polyb.
325 2819 508 2903 plerumque
531 2811 738 2893 καθοσλίζαι,
763 2807 975 2890 καθόσλισις,
1005 2806 1248 2896 καθοσλισμός.
1295 2818 1365 2882 Ali-

190 2948 283 3008 quem
300 2927 393 2990 armis
410 2949 532 3004 exuere,
556 2925 691 3008 spoliare
708 2926 789 3008 apud
806 2928 944 2988 nostrum
963 2917 1175 3004 τταρστιλίζειν
1192 2928 1246 3001 est,
1272 2929 1366 2988 antea

190 3027 359 3113 ε’ναρίζενν,
393 3024 569 3106 σκυλεύειν,
604 3038 660 3096 aut
691 3032 967 3097 circumlocutione
1000 3031 1106 3114 aliqua
1138 3053 1210 3095 cum
1240 3023 1367 3092 ἐκδύειν

190 3143 308 3203 veteres
331 3141 510 3204 utebantur.

279 3265 340 3328 Pro
365 3258 395 3326 oi
420 3260 452 3327 ἐν
476 3265 514 3350 τῇ
538 3257 647 3351 ιἡλικία
671 3265 767 3328 hebet
791 3263 857 3327 Pol.
883 3256 913 3324 oi
937 3255 1108 3342 δυνάμενοι
1132 3254 1218 3324 ὅπλα
1241 3253 1366 3340 βαστά-

191 3368 253 3447 ζειν
278 3375 307 3450 2,
333 3374 385 3450 24,
412 3374 445 3448 6;
478 3368 586 3456 φέρειν
619 3373 700 3454 apud
732 3377 851 3438 veteres
881 3373 913 3435 in
939 3372 998 3435 hac
1025 3369 1162 3434 formula
1186 3374 1366 3453 usurpatur.

188 3472 364 3556 βαστάζειν
389 3485 435 3544 est
457 3480 645 3543 vocabulum
669 3481 761 3562 plano
786 3480 953 3563 poeticum,
977 3478 1108 3543 Homeri
1125 3483 1156 3541 et
1171 3478 1365 3561 tragicorum

191 3590 258 3651 nsni
283 3588 453 3663 familiare3
478 3579 580 3648 ὅπλον
603 3583 711 3670 φέρειν
735 3585 892 3665 πολέμιον
908 3610 926 3650 ε
943 3585 1009 3650 Pol.
1028 3586 1225 3650 abundanter
1241 3585 1365 3649 dicitur.

278 3712 430 3776 duculum
444 3712 526 3794 apud
539 3716 657 3774 veteres
670 3711 856 3792 exprimitur
872 3733 927 3794 per
939 3700 1037 3789 dumo,
1051 3701 1210 3786 duoviros,
1228 3701 1364 3787 παλτόν,

190 3811 313 3894 ξεστόν.
360 3820 446 3895 Quae
474 3818 580 3882 omnia
608 3818 760 3881 vocabula
784 3820 867 3901 apud
895 3817 958 3882 Pol.
988 3841 1049 3882 non
1080 3823 1201 3883 exstare
1226 3819 1366 3882 notabile

190 3933 245 3992 est.
281 3927 319 3992 In
343 3949 452 3992 eorum
475 3927 577 3991 locum
602 3926 773 3990 succedunt
796 3928 909 4009 γαῖσος
931 3927 1086 4009 imprimis
1103 3927 1141 3990 de
1158 3925 1366 3991 barbarorum

189 4035 346 4118 gentibue,
371 4035 462 4116 prim.
487 4035 570 4118 apud
586 4034 653 4097 Pol.
679 4037 709 4114 6,
734 4036 787 4112 39,
812 4037 847 4112 33
875 4035 925 4112 18,
953 4037 981 4112 l,
1006 4036 1040 4109 4;
1066 4035 1106 4098 ab
1130 4034 1189 4096 hoc
1213 4033 1366 4100 vocabulo

190 4165 303 4206 nomen
327 4143 450 4206 duxisse
474 4141 641 4205 verisimile
665 4147 720 4220 est,
744 4143 798 4227 qui
822 4146 975 4206 vocantur
998 4165 1016 4205 a
1038 4141 1104 4204 Pol.
1133 4129 1291 4202 Γαισάται
1316 4143 1366 4206 rel

189 4245 362 4326 Γαίσατσι;
387 4270 516 4332 gaesum
541 4251 718 4331 saepissime
743 4250 824 4332 apud
850 4249 1023 4314 Gaesarem.
