3176 4878
692 251 910 314 ,50-

213 464 286 504 τινα
309 479 352 490 -
376 434 531 525 πράττειν
556 434 677 529 (πόλιν)
703 482 744 490 -
770 446 967 527 σιτομετρεῖν
989 439 1047 530 τήν
1070 437 1206 526 δύναμιν
1231 483 1272 493 -
1295 467 1387 532 χορη-

130 546 133 553 ’
213 553 280 632 γεῖν
302 571 375 612 τινα
410 588 449 596 -
481 549 634 629 πολεμεῖν
656 573 729 612 τινα
760 590 800 596 -
833 549 1006 633 ξενολογεῖν
1030 573 1101 614 τινα
1132 592 1173 599 -
1202 552 1388 638 φορολογεῖν

214 649 285 742 (την
316 651 463 719 Σικελίαν
495 694 535 702 -
565 649 802 741 (ἐκμηρύεσδαι
828 659 990 722 transitive
1018 665 1050 723 et
1072 661 1270 726 intransitive
1297 684 1387 726 usur·

213 764 331 846 patur).

302 871 432 937 Praeter
455 873 653 936 transitivam
677 873 836 937 notionem
853 873 949 937 etiam
964 873 1197 937 intransitivam
1213 875 1385 956 accipiunt:

209 969 359 1040 ἀναλύειν
395 1007 435 1032 =
472 965 700 1059 ἀναζεογνύύαι
739 979 985 1057 „aufbrechenffi
1011 1016 1052 1024 —-
1081 972 1320 1058 παρεμβάλλειν
1354 1003 1387 1044 se

208 1085 374 1159 collocare,
398 1085 485 1148 velut
509 1077 539 1146 οῖ
563 1081 657 1160 πεζοὶ
682 1080 718 1158 ἐξ
735 1077 877 1159 ἀσπίδος
894 1081 1130 1166 παρενέβαλλον
1152 1093 1201 1164 11,
1220 1093 1272 1160 23,
1291 1094 1325 1162 5;
1344 1124 1385 1131 -

210 1181 347 1272 ἐπάγειν
382 1193 458 1256 alias
493 1195 666 1257 exereitum
698 1174 806 1256 eoutra
838 1193 975 1273 aliquem
1006 1193 1131 1266 ducere,
1166 1193 1239 1256 inde
1270 1215 1289 1256 a
1318 1194 1385 1258 Pol.

211 1298 422 1367 intransitive.
477 1304 479 1308 ’

301 1395 478 1486 προσάγειν
509 1406 616 1468 eadem
648 1406 728 1488 sign.
753 1404 826 1468 inde
855 1427 873 1468 a
897 1404 975 1468 Xen.
1001 1405 1198 1468 intransitive
1227 1443 1262 1451 -
1288 1408 1386 1469 κινεῖν

211 1511 284 1575 inde
316 1535 334 1574 a
360 1510 425 1574 Pol.
456 1511 587 1574 intrans
613 1548 655 1555 —
681 1504 816 1591 ἐξαίρειν
840 1531 960 1576 monem
991 1517 1111 1588 eastra,
1142 1513 1290 1596 progredi
1314 1537 1383 1577 eum

213 1619 361 1692 exercitu,
386 1619 458 1681 inde
482 1641 501 1681 a
524 1617 592 1684 Pol.
615 1618 747 1680 intrans.

303 1777 486 1854 abstracta,
519 1799 599 1860 quae
631 1799 778 1840 vocamus
811 1776 984 1861 aPolybio
1016 1784 1154 1842 concreto
1178 1799 1272 1843 seusu
1296 1801 1385 1842 usur-

212 1889 342 1966 pantur:
367 1875 593 1968 ἐπιτηδειότης
617 1885 700 1966 apud
716 1883 798 1947 Plat.
822 1885 984 1961 habilitas,
1008 1886 1184 1950 dexteritas
1192 1910 1202 1965 ,·
1225 1887 1308 1969 apud
1328 1907 1385 1949 no-

211 1997 311 2055 strum
334 1993 526 2056 invenimus:
560 1982 787 2076 ἐπιτηδειότης
810 1983 892 2072 πρὸς
920 1981 1072 2070 πόλεμον,
1102 2013 1181 2075 quae
1205 1993 1247 2054 ad·
1267 1991 1384 2056 bellum

212 2099 385 2163 necessaria
407 2104 490 2162 sunt.
515 2135 555 2142 -

301 2193 441 2288 ἀφέλεια
465 2205 536 2268 inde
560 2227 578 2267 a
596 2205 688 2288 Lysia
705 2203 771 2268 iere
787 2205 820 2267 in
837 2208 1017 2268 concretum
1032 2209 1174 2268 mutatur
1190 2205 1286 2286 (apud
1303 2203 1383 2268 Xen.

211 2311 399 2376 vocabulum
429 2313 586 2392 praedam
624 2313 657 2375 in
691 2313 868 2375 universum
907 2312 1081 2396 signifieat,
1122 2313 1203 2394 apud
1242 2329 1381 2376 nostrum

216 2417 489 2502 „Kriegsbeute“).

300 2521 468 2600 λυσιτελές·
485 2526 634 2589 habemus
659 2548 715 2609 pro
735 2527 860 2605 praeda
887 2527 937 2603 13,
963 2526 992 2602 8,
1018 2527 1047 2588 2.

302 2649 449 2715 Antinum
475 2650 698 2714 nonnullorum
721 2652 889 2714 verborum
912 2651 1050 2734 praefert
1064 2650 1143 2727 Por,
1169 2674 1248 2734 quae
1264 2656 1383 2716 veteres

210 2757 243 2819 in
267 2757 369 2821 medio
392 2759 560 2840 praebent:
585 2750 852 2839 στρατοπεδεύειν
877 2762 1007 2840 (veteres
1029 2757 1125 2840 vulgo
1146 2748 1382 2838 στρατοπεδεύ-

212 2861 327 2946 εσθαι)
356 2853 539 2945 στρατεύειν
573 2869 603 2928 et
638 2855 860 2944 ἐκστρατεύειν
884 2902 925 2910 -
949 2887 1040 2947 saepe
1071 2865 1208 2928 activum
1233 2866 1383 2930 habemus

211 2973 327 3042 ποιεῖν,
355 2971 440 3034 velut
464 2973 557 3032 ποεῖν
581 2970 694 3047 πλοῦν,
719 2962 892 3049 ἀνάπλουν,
918 2960 1100 3032 ἀπόπλουν.

299 3068 413 3163 ἡσσάω
436 3079 468 3140 in
493 3079 594 3142 activo
617 3079 709 3162 prim.
734 3079 870 3143 occurrit
893 3080 973 3161 apud
998 3083 1140 3142 nostrum
1164 3080 1291 3142 notione
1313 3079 1382 3142 νῖκ-

212 3184 320 3260 οοκδῖ,·
342 3183 521 3265 saepissime
544 3175 649 3269 ἧσσάν
673 3177 732 3260 τοῖς
755 3177 871 3263 ψυχάς.

300 3307 417 3371 Contra
441 3307 539 3370 multo
562 3309 684 3391 saepius
708 3309 836 3373 adhibet
854 3308 922 3373 Pol.
948 3309 1082 3372 medium
1107 3298 1302 3371 διαλύεσθαι
1325 3333 1382 3392 pro

211 3417 315 3478 vetere
349 3414 451 3476 activo
487 3404 636 3484 διαλύειν,
676 3415 811 3478 medium
842 3407 1160 3494 καταλαμβάνεσθαι
1191 3438 1247 3498 pro
1280 3420 1382 3481 activo

211 3511 481 3599 καταλαμβάνειν.

301 3647 478 3728 Partieipiis
502 3645 585 3709 haud
609 3669 680 3711 raro
705 3647 804 3709 utitur
818 3646 979 3732 Polybius,
1004 3649 1058 3714 ubi
1081 3650 1277 3714 substantiva
1301 3649 1382 3714 desi·

211 3752 370 3816 deramus:
394 3775 486 3835 saepe
509 3753 659 3816 habemus
683 3744 714 3813 οῖ
730 3746 1046 3837 παραφυλάττοντες,
1072 3749 1103 3818 οῖ
1118 3755 1302 3839 τηροῦντες·
1325 3780 1381 3840 pro

210 3859 351 3924 hostibus
373 3882 466 3942 saepe
489 3859 665 3922 invenimus
693 3851 724 3920 οῖ
754 3852 1023 3944 παραταξάμενοι,
1052 3853 1315 3941 ἀντιταττόμενοι
1337 3901 1381 3910 -

210 3967 306 4031 semel
329 3967 479 4031 habemus
502 3959 533 4026 οῖ
558 3965 828 4047 σογκαδεστσῖτες
852 3979 881 4042 4,
912 3978 960 4046 12,
987 3981 1021 4045 6,·

299 4090 361 4154 Pro
390 4091 544 4154 militibus
576 4091 797 4156 mercennariis
828 4093 976 4156 occurrit:
1014 4087 1044 4155 οἱ
1067 4092 1380 4179 μισθοδοτηδέντες,

212 4193 466 4281 ἐξενολογημένα.
