3176 4878
712 251 926 318 ..34..

228 442 264 509 ἐκ
289 442 438 530 πλαγίων
465 455 514 523 10,
541 455 592 525 39,
618 455 657 524 6,·
689 444 746 511 ἐπὶ
769 441 810 510 τά
835 443 924 522 δεξιά
952 446 1032 534 μέρη
1060 458 1109 530 10,
1135 458 1188 530 39,
1213 459 1250 528 4,
1281 447 1317 513 ἐκ
1341 449 1406 512 τῶν

228 543 369 617 κατόπιν
386 555 466 638 (scil.
478 553 595 636 μερῶν)
612 561 640 630 2,
657 563 708 630 67,
724 563 759 632 2;
776 547 930 642 ὠφέλειαι
943 558 1072 640 praeda;
1089 549 1130 619 τά
1143 552 1243 621 πεδία
1261 567 1288 636 1,
1304 565 1355 636 30,
1370 565 1406 634 9,·

227 653 335 737 τάξεις
358 664 452 741 acies;
480 658 734 743 στρατοπεδείας
757 661 889 726 τιθέναι
918 675 942 740 1,
962 673 1013 745 33,
1035 674 1068 742 1;
1093 656 1283 750 ἐπιφάνειαι
1307 689 1404 750 appa-

227 769 300 832 ritio
324 769 476 835 hostium:
500 765 542 830 τά
563 759 680 855 πλήθη
701 807 730 814 --
756 763 786 830 oi
811 758 898 848 ύχλοι
915 809 955 817 -
972 766 1013 832 τά
1039 763 1163 834 ἱππικά
1180 809 1221 818 -
1239 765 1274 834 αί
1299 795 1404 854 παρα-

227 871 362 956 κομιδαί
373 883 564 941 commeatus
577 879 607 954 8,
621 879 674 953 31,
692 879 730 940 10
746 914 784 921 -
800 878 878 958 παρ’
892 864 936 940 uir
952 873 1081 954 πίστεις
1097 871 1205 960 λαβών
1220 887 1272 957 23,
1287 887 1316 954 8,
1333 888 1350 944 6
1364 916 1401 923 —

226 976 286 1057 τάς
311 978 440 1063 ἐνέδρας
463 981 595 1045 τιθέναι
617 991 645 1058 3,
665 993 716 1058 71,
736 993 753 1050 2
774 1023 812 1030 -
830 976 984 1068 ἐύφυχίαι
1009 987 1098 1050 fortis
1123 988 1245 1050 animus
1271 1023 1309 1030 -
1335 976 1405 1046 άπδ

226 1087 291 1149 τῶν
314 1081 483 1169 εὐωνύμων
505 1115 523 1154 a
547 1091 672 1154 sinistro
696 1114 792 1155 cornu
810 1116 857 1137 —·
870 1083 999 1175 όφιύνια
1018 1094 1207 1176 stipendium
1224 1129 1267 1138 —
1283 1082 1405 1166 ξενικόν

226 1201 257 1259 et
280 1187 387 1270 ξενικά
406 1234 443 1242 -
462 1187 614 1282 όχυρότης
638 1203 668 1261 et
692 1191 880 1283 ὀχυρότητες
904 1237 942 1245 -
963 1191 1129 1286 paduam,
1155 1190 1403 1286 παραβοήδειαι

225 1326 327 1386 saepe,
351 1341 384 1350 ἡ
406 1295 574 1386 ἐπάρκεια,
600 1298 771 1386 ἐπάρκειαι
789 1345 829 1352 -
848 1300 986 1382 ἔντευξις
1008 1313 1039 1372 et
1055 1299 1211 1382 ἐντεύξεις
1227 1307 1403 1383 conventio,

226 1410 418 1494 colloquium
444 1447 484 1456 -
509 1403 655 1486 διάλυσις
688 1418 719 1476 et
750 1404 913 1488 διαλύσεις
944 1437 1005 1496 pax
1034 1451 1077 1460 -
1105 1403 1339 1492 aadonaapdg
1368 1415 1402 1478 in

125 1551 128 1562 =
226 1517 380 1600 singulari
405 1523 436 1580 et
459 1517 575 1600 plurali
599 1541 729 1582 numero
754 1555 794 1563 -
819 1512 960 1604 λάφυρον
985 1526 1016 1585 et
1038 1513 1165 1606 λάφυρα
1189 1521 1315 1604 praeda.

316 1641 486 1706 Nonnullis
509 1643 585 1706 locis
609 1643 759 1726 Polybius
783 1645 974 1728 singularem
993 1669 1159 1710 numerum
1175 1646 1324 1728 praefert,
1348 1645 1412 1708 ubi·

225 1771 281 1812 nos
305 1749 460 1833 pluralem
476 1751 694 1828 desideramus,
719 1751 874 1834 imprimis
889 1753 921 1814 in
939 1753 1122 1835 participiis
1159 1752 1261 1816 Affert
1277 1751 1402 1816 Stichus

225 1878 299 1940 pag.
327 1858 381 1920 13:
415 1856 484 1918 πᾶν
514 1850 552 1918 τό
582 1848 753 1939 λεγόμενον
778 1867 808 1936 3,
834 1866 862 1934 9,
893 1868 927 1934 1,·
952 1897 989 1904 -
1016 1859 1083 1918 πᾶν
1116 1853 1155 1919 τό
1185 1860 1402 1940 παραπῖπτον

226 1971 260 2038 3,
289 1969 343 2041 12,
369 1971 402 2040 6;
438 1963 506 2025 πᾶν
537 1955 575 2025 τό
607 1955 877 2044 ύποδεικνύμενον
901 1973 935 2044 3,
965 1973 1017 2040 12,
1044 1973 1073 2030 2.
1101 2003 1139 2010 —
1164 1957 1201 2025 τό
1228 1955 1402 2046 λεγόμενον

226 2077 255 2148 8,
282 2078 334 2144 21,
361 2077 397 2147 9,·
420 2077 451 2136 et
474 2072 519 2135 ita
544 2073 648 2155 pergit
672 2074 720 2136 vir
744 2073 865 2136 doctus:
896 2065 937 2132 τά
961 2063 1127 2154 λεγόμενα,
1153 2067 1190 2132 τό
1215 2069 1316 2156 ῥηθὲν
1339 2077 1398 2136 etc.

224 2179 399 2260 promiscue
423 2183 593 2260 ponuntur,
619 2180 663 2242 ita
686 2184 803 2256 tamen,
827 2186 862 2242 ut
886 2180 984 2243 multo
1008 2180 1151 2262 pluribus
1175 2179 1251 2242 locis
1275 2179 1399 2261 legatur

224 2285 393 2368 singularis
417 2286 526 2349 modus
550 2287 661 2350 talium
686 2287 935 2369 participiorum.

313 2411 362 2473 Ex
393 2412 551 2476 vocabulis
582 2412 772 2475 militaribus
805 2413 904 2475 multo
935 2413 1058 2494 saepius
1089 2413 1231 2476 invenias
1263 2412 1399 2493 positum

224 2509 420 2602 σκευοφόρον
448 2519 520 2597 ,der
544 2517 669 2594 Trossr,
700 2541 794 2601 quam
819 2508 1010 2602 σκευοφόροι
1035 2524 1066 2581 et
1093 2509 1289 2602 σκευοφόρα,
1319 2541 1400 2600 quae

223 2625 343 2690 formae
367 2626 449 2709 apud
476 2631 593 2690 veteres
618 2626 719 2690 locum
744 2627 873 2690 habent.

316 2751 418 2815 Unum
443 2753 577 2834 denique
601 2751 793 2814 afferendum
819 2773 883 2814 esse
906 2756 983 2833 puto
1007 2752 1043 2813 de
1067 2751 1188 2814 numeri
1213 2750 1397 2826 variatione,

223 2859 304 2941 quod
331 2858 398 2922 Pol.
423 2859 601 2942 hujusmodi
626 2858 769 2940 exempla
793 2859 876 2921 haud
900 2881 972 2921 raro
988 2858 1093 2920 affert:
1118 2849 1297 2931 Πόπλιος
1320 2848 1398 2919 άνυι-

223 2953 333 3040 ζεύξας
358 2959 501 3027 ἐποιεῖτο
525 2959 584 3048 την
607 2959 742 3047 πορείαν
768 3002 804 3008 -—
833 2955 984 3042 Ἀννίβας
1008 2961 1043 3026 δέ
1067 2957 1125 3050 τήν
1149 2955 1308 3052 άναζυγην
1331 2956 1397 3026 αύ-

222 3071 304 3134 τῶν,
329 3108 372 3116 -
396 3071 539 3156 προῆγε
563 3063 606 3146 ιδς
630 3063 792 3158 προδήλου
816 3071 874 3154 τῆς
901 3066 991 3154 νίκης
1019 3062 1154 3144 αὐτοῖς
1177 3061 1397 3156 ύπαργούσης;

222 3178 336 3242 Kaelk.
361 3199 434 3262 pag.
453 3181 526 3242 264.
553 3176 682 3263 ζητοῦσι
708 3185 736 3256 6,
762 3185 813 3256 36,
841 3187 857 3242 7
883 3183 914 3242 et
938 3185 957 3243 8
982 3215 1018 3222 -
1036 3176 1136 3254 καλεῑ;
1162 3169 1396 3262 σύγκλητος-

222 3279 348 3363 ἐκεῖνοι,
382 3285 481 3348 multo
505 3285 577 3348 alia.
625 3285 697 3348 Nou
723 3285 870 3348 dissimile
898 3289 952 3359 est,
978 3285 1060 3366 quod
1085 3284 1242 3347 K‘alkerus
1266 3290 1399 3349 annotat

221 3414 294 3476 pag.
312 3394 392 3456 265:
415 3382 536 3476 Ῥώμην
556 3430 591 3438 -
612 3384 642 3452 oi
659 3387 695 3452 δέ
713 3399 741 3468 3,
763 3397 834 3467 107,
855 3398 872 3456 6
889 3395 920 3453 et
938 3398 967 3467 7,
989 3392 1076 3475 quasi
1094 3392 1126 3454 in
1143 3393 1397 3456 antecedentibus

220 3499 341 3563 incolae
365 3500 519 3564 nominati
543 3500 616 3562 sint.

310 3621 464 3686 Venimus
488 3624 525 3686 ad
550 3622 643 3685 aliam
668 3622 888 3700 variationem,
913 3623 1036 3704 generis
1063 3622 1162 3686 verbi:
1189 3624 1218 3699 2,
1244 3624 1296 3700 83,
1322 3626 1341 3687 6
1366 3629 1397 3688 et

221 3729 272 3806 84,
300 3730 331 3792 l:
365 3721 515 3792 σπεύδων
547 3720 692 3814 συνάψαι
724 3728 802 3810 (τῶν
826 3724 1005 3810 πολεμίων)
1033 3767 1070 3774 -
1097 3721 1303 3802 ἐξάπτεσθαι
1332 3729 1397 3790 τῶν

219 3830 394 3916 πολεμίων.

310 3969 340 4041 5,
368 3969 421 4028 14:
447 3953 701 4045 ἀποπειρᾶσθαι
726 4000 768 4008 -
792 3953 1052 4043 καταπειροίζειν.

309 4079 524 4168 στρατεύομαι
552 4127 587 4134 -
616 4081 809 4171 στρατεύειν.

308 4213 394 4276 Medi
426 4215 606 4276 variantur:
643 4205 768 4295 γράψαι
804 4201 990 4298 ἐθάρρησαν
1025 4204 1107 4272 διότι
1136 4205 1304 4290 Ῥωμαίοις
1339 4210 1395 4276 καί
