<?xml version="1.0" encoding="UTF-8"?>
<!DOCTYPE html PUBLIC "-//W3C//DTD XHTML 1.0 Transitional//EN"
    "http://www.w3.org/TR/xhtml1/DTD/xhtml1-transitional.dtd">
<html xmlns="http://www.w3.org/1999/xhtml" xml:lang="en" lang="en">
 <head>
  <title>
</title>
<meta http-equiv="Content-Type" content="text/html;charset=utf-8" />
  <meta name='ocr-system' content='tesseract 3.04.00' />
  <meta name='ocr-capabilities' content='ocr_page ocr_carea ocr_par ocr_line ocrx_word'/>
</head>
<body>
  <div class='ocr_page' id='page_1' title='image "./depolybiivocabu00lindgoog_0022.png"; bbox 0 0 3176 4878; ppageno 0'>
   <div class='ocr_carea' id='block_1_1' title="bbox 646 346 861 412">
    <p class='ocr_par' dir='ltr' id='par_1_1' title="bbox 646 346 861 412">
     <span class='ocr_line' id='line_1_1' title="bbox 646 346 861 412; baseline 0 -18"><span class='ocrx_word' id='word_1_1' title='bbox 646 346 861 412; x_wconf 56' lang='lat'>..17-</span> 
     </span>
    </p>
   </div>
   <div class='ocr_carea' id='block_1_2' title="bbox 258 542 1344 760">
    <p class='ocr_par' dir='ltr' id='par_1_2' title="bbox 258 542 1344 760">
     <span class='ocr_line' id='line_1_2' title="bbox 258 542 1245 628; baseline 0 -20"><span class='ocrx_word' id='word_1_2' title='bbox 258 542 306 609; x_wconf 92' lang='lat' dir='ltr'>De</span> <span class='ocrx_word' id='word_1_3' title='bbox 329 543 499 622; x_wconf 85' lang='lat' dir='ltr'>vocabulis,</span> <span class='ocrx_word' id='word_1_4' title='bbox 524 566 605 627; x_wconf 87' lang='lat' dir='ltr'>quae</span> <span class='ocrx_word' id='word_1_5' title='bbox 630 543 673 608; x_wconf 85' lang='lat' dir='ltr'>ad</span> <span class='ocrx_word' id='word_1_6' title='bbox 695 543 826 625; x_wconf 78' lang='lat' dir='ltr'>cipilics</span> <span class='ocrx_word' id='word_1_7' title='bbox 849 550 878 608; x_wconf 82' lang='lat' dir='ltr'>ct</span> <span class='ocrx_word' id='word_1_8' title='bbox 902 545 1054 610; x_wconf 81' lang='lat' dir='ltr'>stationes</span> <span class='ocrx_word' id='word_1_9' title='bbox 1077 546 1245 628; x_wconf 74' lang='lat' dir='ltr'>pertinent.</span> 
     </span>
     <span class='ocr_line' id='line_1_3' title="bbox 264 664 1344 760; baseline -0.001 -26"><span class='ocrx_word' id='word_1_10' title='bbox 264 669 417 758; x_wconf 74' lang='lat' dir='ltr'>Viyiiice,</span> <span class='ocrx_word' id='word_1_11' title='bbox 449 668 614 742; x_wconf 73' lang='lat' dir='ltr'><strong><em>excubiae,</em></strong></span> <span class='ocrx_word' id='word_1_12' title='bbox 645 669 798 732; x_wconf 77' lang='lat' dir='ltr'>stationes</span> <span class='ocrx_word' id='word_1_13' title='bbox 830 669 913 752; x_wconf 88' lang='lat' dir='ltr'>apud</span> <span class='ocrx_word' id='word_1_14' title='bbox 947 674 1067 735; x_wconf 83' lang='lat' dir='ltr'>veteres</span> <span class='ocrx_word' id='word_1_15' title='bbox 1101 678 1174 735; x_wconf 88' lang='lat' dir='ltr'>sunt</span> <span class='ocrx_word' id='word_1_16' title='bbox 1205 664 1344 760; x_wconf 85' lang='grc' dir='ltr'><strong><em>φυλακή,</em></strong></span> 
     </span>
    </p>
   </div>
   <div class='ocr_carea' id='block_1_3' title="bbox 41 767 924 863">
    <p class='ocr_par' dir='ltr' id='par_1_3' title="bbox 41 767 924 863">
     <span class='ocr_line' id='line_1_4' title="bbox 41 767 924 863; baseline -0.005 -19"><span class='ocrx_word' id='word_1_17' title='bbox 41 849 42 856; x_wconf 53' lang='grc'>,</span> <span class='ocrx_word' id='word_1_18' title='bbox 170 767 303 863; x_wconf 75' lang='grc' dir='ltr'><strong><em>φρουρά,</em></strong></span> <span class='ocrx_word' id='word_1_19' title='bbox 328 799 408 860; x_wconf 88' lang='lat' dir='ltr'>quae</span> <span class='ocrx_word' id='word_1_20' title='bbox 431 775 513 858; x_wconf 89' lang='lat' dir='ltr'>apud</span> <span class='ocrx_word' id='word_1_21' title='bbox 538 774 606 838; x_wconf 89' lang='lat' dir='ltr'>Pol.</span> <span class='ocrx_word' id='word_1_22' title='bbox 631 797 723 858; x_wconf 83' lang='lat' dir='ltr'>saepe</span> <span class='ocrx_word' id='word_1_23' title='bbox 747 781 924 840; x_wconf 88' lang='lat' dir='ltr'>occurrunt.</span> 
     </span>
    </p>
   </div>
   <div class='ocr_carea' id='block_1_4' title="bbox 152 872 1344 2145">
    <p class='ocr_par' dir='ltr' id='par_1_4' title="bbox 168 872 1344 1073">
     <span class='ocr_line' id='line_1_5' title="bbox 259 872 1344 968; baseline 0.006 -24"><span class='ocrx_word' id='word_1_24' title='bbox 259 873 387 967; x_wconf 79' lang='grc' dir='ltr'><strong><em>Φρουροί</em></strong></span> <span class='ocrx_word' id='word_1_25' title='bbox 411 887 442 946; x_wconf 87' lang='grc' dir='ltr'>ε1</span> <span class='ocrx_word' id='word_1_26' title='bbox 465 872 603 965; x_wconf 84' lang='grc' dir='ltr'><strong><em>φρουρός</em></strong></span> <span class='ocrx_word' id='word_1_27' title='bbox 626 883 708 964; x_wconf 85' lang='lat' dir='ltr'>opud</span> <span class='ocrx_word' id='word_1_28' title='bbox 732 885 873 945; x_wconf 89' lang='lat' dir='ltr'>nostrum</span> <span class='ocrx_word' id='word_1_29' title='bbox 897 882 1031 966; x_wconf 86' lang='lat' dir='ltr'>legimus</span> <span class='ocrx_word' id='word_1_30' title='bbox 1051 885 1186 968; x_wconf 90' lang='lat' dir='ltr'>quidem,</span> <span class='ocrx_word' id='word_1_31' title='bbox 1211 887 1344 950; x_wconf 87' lang='lat' dir='ltr'>sednon</span> 
     </span>
     <span class='ocr_line' id='line_1_6' title="bbox 168 1013 269 1073; baseline 0.01 -20"><span class='ocrx_word' id='word_1_32' title='bbox 168 1013 269 1073; x_wconf 88' lang='lat' dir='ltr'>saepe.</span> 
     </span>
    </p>

    <p class='ocr_par' dir='ltr' id='par_1_5' title="bbox 170 1085 1343 1286">
     <span class='ocr_line' id='line_1_7' title="bbox 257 1085 1343 1182; baseline 0.003 -24"><span class='ocrx_word' id='word_1_33' title='bbox 257 1085 474 1182; x_wconf 73' lang='grc' dir='ltr'><strong><em>φυλακτήριον</em></strong></span> <span class='ocrx_word' id='word_1_34' title='bbox 504 1094 644 1178; x_wconf 86' lang='lat' dir='ltr'>(proprie</span> <span class='ocrx_word' id='word_1_35' title='bbox 676 1094 761 1159; x_wconf 88' lang='lat' dir='ltr'>locus</span> <span class='ocrx_word' id='word_1_36' title='bbox 794 1096 955 1178; x_wconf 87' lang='lat' dir='ltr'>praesidii)</span> <span class='ocrx_word' id='word_1_37' title='bbox 983 1118 1044 1176; x_wconf 83' lang='lat' dir='ltr'>pro</span> <span class='ocrx_word' id='word_1_38' title='bbox 1076 1098 1227 1177; x_wconf 54' lang='lat' dir='ltr'>excubiis</span> <span class='ocrx_word' id='word_1_39' title='bbox 1260 1099 1343 1181; x_wconf 91' lang='lat' dir='ltr'>quod</span> 
     </span>
     <span class='ocr_line' id='line_1_8' title="bbox 170 1199 1199 1286; baseline -0.002 -18"><span class='ocrx_word' id='word_1_40' title='bbox 170 1204 248 1286; x_wconf 84' lang='lat' dir='ltr'>apud</span> <span class='ocrx_word' id='word_1_41' title='bbox 274 1208 393 1268; x_wconf 87' lang='lat' dir='ltr'>veteres</span> <span class='ocrx_word' id='word_1_42' title='bbox 417 1202 561 1277; x_wconf 88' lang='lat' dir='ltr'>occurrit,</span> <span class='ocrx_word' id='word_1_43' title='bbox 586 1200 669 1284; x_wconf 88' lang='lat' dir='ltr'>apud</span> <span class='ocrx_word' id='word_1_44' title='bbox 692 1199 761 1264; x_wconf 88' lang='lat' dir='ltr'>Pol.</span> <span class='ocrx_word' id='word_1_45' title='bbox 785 1201 881 1265; x_wconf 91' lang='lat' dir='ltr'>semel</span> <span class='ocrx_word' id='word_1_46' title='bbox 903 1203 1009 1266; x_wconf 88' lang='lat' dir='ltr'>inveni</span> <span class='ocrx_word' id='word_1_47' title='bbox 1035 1203 1064 1278; x_wconf 89' lang='lat'>8,</span> <span class='ocrx_word' id='word_1_48' title='bbox 1093 1204 1143 1281; x_wconf 84' lang='lat'>17,</span> <span class='ocrx_word' id='word_1_49' title='bbox 1169 1206 1199 1267; x_wconf 88' lang='grc'>5.</span> 
     </span>
    </p>

    <p class='ocr_par' dir='ltr' id='par_1_6' title="bbox 256 1301 1344 1394">
     <span class='ocr_line' id='line_1_9' title="bbox 256 1301 1344 1394; baseline -0.003 -20"><span class='ocrx_word' id='word_1_50' title='bbox 256 1309 348 1374; x_wconf 83' lang='lat' dir='ltr'>Nova</span> <span class='ocrx_word' id='word_1_51' title='bbox 372 1308 564 1372; x_wconf 73' lang='lat' dir='ltr'>adhibentur</span> <span class='ocrx_word' id='word_1_52' title='bbox 587 1308 753 1370; x_wconf 88' lang='lat' dir='ltr'>vocabula:</span> <span class='ocrx_word' id='word_1_53' title='bbox 782 1301 951 1391; x_wconf 70' lang='grc' dir='ltr'><strong><em>ἐφεδρείας</em></strong></span> <span class='ocrx_word' id='word_1_54' title='bbox 984 1301 1021 1382; x_wconf 78' lang='grc' dir='ltr'>ἐξ</span> <span class='ocrx_word' id='word_1_55' title='bbox 1042 1303 1210 1393; x_wconf 79' lang='grc' dir='ltr'><strong><em>ἐφεδρείας</em></strong></span> <span class='ocrx_word' id='word_1_56' title='bbox 1233 1311 1344 1394; x_wconf 78' lang='grc' dir='ltr'><strong><em>φυγεῖν</em></strong></span> 
     </span>
    </p>

    <p class='ocr_par' dir='ltr' id='par_1_7' title="bbox 152 1415 1343 2036">
     <span class='ocr_line' id='line_1_10' title="bbox 168 1415 1342 1494; baseline -0.002 -12"><span class='ocrx_word' id='word_1_57' title='bbox 168 1419 333 1484; x_wconf 87' lang='lat' dir='ltr'>stationem</span> <span class='ocrx_word' id='word_1_58' title='bbox 357 1417 496 1481; x_wconf 90' lang='lat' dir='ltr'>deserere</span> <span class='ocrx_word' id='word_1_59' title='bbox 522 1417 551 1492; x_wconf 89' lang='lat'>1,</span> <span class='ocrx_word' id='word_1_60' title='bbox 570 1417 621 1491; x_wconf 86' lang='lat'>17,</span> <span class='ocrx_word' id='word_1_61' title='bbox 641 1416 695 1490; x_wconf 72' lang='lat'>113</span> <span class='ocrx_word' id='word_1_62' title='bbox 713 1450 757 1459; x_wconf 96' lang='lat'>-</span> <span class='ocrx_word' id='word_1_63' title='bbox 773 1416 803 1493; x_wconf 89' lang='grc'>3,</span> <span class='ocrx_word' id='word_1_64' title='bbox 822 1415 873 1492; x_wconf 89' lang='grc'>69,</span> <span class='ocrx_word' id='word_1_65' title='bbox 894 1417 948 1491; x_wconf 88' lang='grc'>10;</span> <span class='ocrx_word' id='word_1_66' title='bbox 974 1417 1004 1492; x_wconf 89' lang='grc'>6,</span> <span class='ocrx_word' id='word_1_67' title='bbox 1022 1418 1074 1494; x_wconf 90' lang='grc'>37,</span> <span class='ocrx_word' id='word_1_68' title='bbox 1095 1419 1149 1492; x_wconf 82' lang='grc'>12;</span> <span class='ocrx_word' id='word_1_69' title='bbox 1177 1418 1228 1492; x_wconf 92' lang='grc'>10,</span> <span class='ocrx_word' id='word_1_70' title='bbox 1241 1417 1293 1492; x_wconf 90' lang='grc'>38,</span> <span class='ocrx_word' id='word_1_71' title='bbox 1309 1419 1342 1492; x_wconf 85' lang='grc'>8;</span> 
     </span>
     <span class='ocr_line' id='line_1_11' title="bbox 172 1521 1343 1607; baseline -0.001 -18"><span class='ocrx_word' id='word_1_72' title='bbox 172 1527 220 1602; x_wconf 89' lang='grc'>10,</span> <span class='ocrx_word' id='word_1_73' title='bbox 254 1525 368 1602; x_wconf 87' lang='grc'>39,1.</span> <span class='ocrx_word' id='word_1_74' title='bbox 416 1523 535 1587; x_wconf 87' lang='lat' dir='ltr'>Vocab.</span> <span class='ocrx_word' id='word_1_75' title='bbox 569 1526 615 1586; x_wconf 89' lang='lat' dir='ltr'>est</span> <span class='ocrx_word' id='word_1_76' title='bbox 650 1521 787 1604; x_wconf 90' lang='lat' dir='ltr'>primum</span> <span class='ocrx_word' id='word_1_77' title='bbox 822 1523 904 1604; x_wconf 92' lang='lat' dir='ltr'>apud</span> <span class='ocrx_word' id='word_1_78' title='bbox 935 1522 1002 1586; x_wconf 88' lang='lat' dir='ltr'>Pol.</span> <span class='ocrx_word' id='word_1_79' title='bbox 1035 1523 1192 1588; x_wconf 81' lang='lat' dir='ltr'>observat</span> <span class='ocrx_word' id='word_1_80' title='bbox 1166 1530 1224 1603; x_wconf 86' lang='grc' dir='ltr'>1,ιο</span> <span class='ocrx_word' id='word_1_81' title='bbox 1261 1526 1343 1607; x_wconf 87' lang='lat' dir='ltr'>apud</span> 
     </span>
     <span class='ocr_line' id='line_1_12' title="bbox 167 1629 679 1711; baseline -0.006 -16"><span class='ocrx_word' id='word_1_82' title='bbox 167 1631 290 1696; x_wconf 81' lang='lat' dir='ltr'>Aristot</span> <span class='ocrx_word' id='word_1_83' title='bbox 276 1631 420 1695; x_wconf 83' lang='lat' dir='ltr'>tscssio</span> <span class='ocrx_word' id='word_1_84' title='bbox 444 1632 479 1694; x_wconf 85' lang='lat' dir='ltr'>ia</span> <span class='ocrx_word' id='word_1_85' title='bbox 503 1629 613 1711; x_wconf 76' lang='lat' dir='ltr'>aliquo</span> <span class='ocrx_word' id='word_1_86' title='bbox 636 1649 679 1693; x_wconf 83' lang='grc' dir='ltr'>νυ.</span> 
     </span>
     <span class='ocr_line' id='line_1_13' title="bbox 152 1729 1343 1820; baseline 0.004 -22"><span class='ocrx_word' id='word_1_87' title='bbox 152 1749 163 1766; x_wconf 95' lang='grc'>’</span> <span class='ocrx_word' id='word_1_88' title='bbox 254 1731 452 1820; x_wconf 85' lang='grc' dir='ltr'><strong><em>Προκοιυεία</em></strong></span> <span class='ocrx_word' id='word_1_89' title='bbox 476 1736 543 1801; x_wconf 90' lang='lat' dir='ltr'>Pol.</span> <span class='ocrx_word' id='word_1_90' title='bbox 569 1739 604 1814; x_wconf 89' lang='grc'>6,</span> <span class='ocrx_word' id='word_1_91' title='bbox 630 1737 729 1814; x_wconf 88' lang='grc'>35,</span> <span class='ocrx_word' id='word_1_92' title='bbox 713 1759 747 1811; x_wconf 75' lang='grc' dir='ltr'>ος</span> <span class='ocrx_word' id='word_1_93' title='bbox 778 1729 1009 1816; x_wconf 84' lang='grc' dir='ltr'><strong><em>προκοιτία2,</em></strong></span> <span class='ocrx_word' id='word_1_94' title='bbox 1036 1739 1070 1814; x_wconf 89' lang='lat'>5,</span> <span class='ocrx_word' id='word_1_95' title='bbox 1095 1741 1129 1815; x_wconf 90' lang='grc'>6,</span> <span class='ocrx_word' id='word_1_96' title='bbox 1166 1741 1199 1817; x_wconf 91' lang='grc'>6,</span> <span class='ocrx_word' id='word_1_97' title='bbox 1225 1741 1282 1818; x_wconf 89' lang='grc'>35,</span> <span class='ocrx_word' id='word_1_98' title='bbox 1307 1741 1343 1817; x_wconf 85' lang='grc'>5;</span> 
     </span>
     <span class='ocr_line' id='line_1_14' title="bbox 167 1835 1342 1928; baseline 0.002 -21"><span class='ocrx_word' id='word_1_99' title='bbox 167 1835 341 1928; x_wconf 84' lang='grc' dir='ltr'><strong><em>πρόκοιυος</em></strong></span> <span class='ocrx_word' id='word_1_100' title='bbox 369 1847 525 1910; x_wconf 83' lang='lat' dir='ltr'>excubans</span> <span class='ocrx_word' id='word_1_101' title='bbox 558 1848 630 1908; x_wconf 87' lang='lat' dir='ltr'>ente</span> <span class='ocrx_word' id='word_1_102' title='bbox 658 1843 790 1927; x_wconf 87' lang='lat' dir='ltr'>aliquid;</span> <span class='ocrx_word' id='word_1_103' title='bbox 822 1846 918 1908; x_wconf 88' lang='lat' dir='ltr'>subst</span> <span class='ocrx_word' id='word_1_104' title='bbox 944 1837 975 1905; x_wconf 88' lang='lat' dir='ltr'>oi</span> <span class='ocrx_word' id='word_1_105' title='bbox 999 1835 1170 1927; x_wconf 80' lang='grc' dir='ltr'><strong><em>πρόκοιτοι</em></strong></span> <span class='ocrx_word' id='word_1_106' title='bbox 1193 1847 1342 1911; x_wconf 74' lang='lat' dir='ltr'>excubiae</span> 
     </span>
     <span class='ocr_line' id='line_1_15' title="bbox 167 1952 1122 2036; baseline 0 -19"><span class='ocrx_word' id='word_1_107' title='bbox 167 1956 219 2032; x_wconf 82' lang='lat'>20,</span> <span class='ocrx_word' id='word_1_108' title='bbox 247 1955 297 2031; x_wconf 92' lang='grc'>11,</span> <span class='ocrx_word' id='word_1_109' title='bbox 324 1955 357 2030; x_wconf 91' lang='grc'>5;</span> <span class='ocrx_word' id='word_1_110' title='bbox 383 1975 463 2036; x_wconf 86' lang='lat' dir='ltr'>quae</span> <span class='ocrx_word' id='word_1_111' title='bbox 486 1953 548 2016; x_wconf 90' lang='lat' dir='ltr'>tria</span> <span class='ocrx_word' id='word_1_112' title='bbox 570 1952 723 2016; x_wconf 80' lang='lat' dir='ltr'>vocabula</span> <span class='ocrx_word' id='word_1_113' title='bbox 746 1953 838 2034; x_wconf 87' lang='lat' dir='ltr'>prim.</span> <span class='ocrx_word' id='word_1_114' title='bbox 863 1952 945 2035; x_wconf 87' lang='lat' dir='ltr'>apud</span> <span class='ocrx_word' id='word_1_115' title='bbox 971 1957 1122 2017; x_wconf 87' lang='lat' dir='ltr'>nostrum.</span> 
     </span>
    </p>

    <p class='ocr_par' dir='ltr' id='par_1_8' title="bbox 252 2049 1343 2145">
     <span class='ocr_line' id='line_1_16' title="bbox 252 2049 1343 2145; baseline 0.001 -25"><span class='ocrx_word' id='word_1_116' title='bbox 252 2050 469 2145; x_wconf 80' lang='grc' dir='ltr'><strong><em>Προφυλακή.·</em></strong></span> <span class='ocrx_word' id='word_1_117' title='bbox 502 2056 715 2142; x_wconf 80' lang='grc' dir='ltr'><strong><em>προφυλακῆς</em></strong></span> <span class='ocrx_word' id='word_1_118' title='bbox 743 2049 833 2132; x_wconf 82' lang='grc' dir='ltr'><strong><em>ια’ξιν</em></strong></span> <span class='ocrx_word' id='word_1_119' title='bbox 856 2052 982 2136; x_wconf 80' lang='grc' dir='ltr'><strong><em>ἔχοντες</em></strong></span> <span class='ocrx_word' id='word_1_120' title='bbox 1004 2051 1088 2141; x_wconf 82' lang='grc' dir='ltr'><strong><em>πρὸς</em></strong></span> <span class='ocrx_word' id='word_1_121' title='bbox 1111 2053 1167 2121; x_wconf 84' lang='grc' dir='ltr'>υδν</span> <span class='ocrx_word' id='word_1_122' title='bbox 1190 2050 1259 2121; x_wconf 84' lang='grc' dir='ltr'><strong><em>οίπδ</em></strong></span> <span class='ocrx_word' id='word_1_123' title='bbox 1283 2059 1343 2139; x_wconf 75' lang='grc' dir='ltr'>τῆς</span> 
     </span>
    </p>
   </div>
   <div class='ocr_carea' id='block_1_5' title="bbox 36 2155 1341 2253">
    <p class='ocr_par' dir='ltr' id='par_1_9' title="bbox 36 2155 1341 2253">
     <span class='ocr_line' id='line_1_17' title="bbox 36 2155 1341 2253; baseline 0.004 -29"><span class='ocrx_word' id='word_1_124' title='bbox 36 2233 37 2236; x_wconf 30' lang='lat'>,</span> <span class='ocrx_word' id='word_1_125' title='bbox 165 2156 290 2240; x_wconf 80' lang='grc' dir='ltr'><strong><em>Ἠλείας</em></strong></span> <span class='ocrx_word' id='word_1_126' title='bbox 306 2155 410 2250; x_wconf 79' lang='grc' dir='ltr'><strong><em>φόβον</em></strong></span> <span class='ocrx_word' id='word_1_127' title='bbox 427 2172 456 2242; x_wconf 84' lang='lat'>5,</span> <span class='ocrx_word' id='word_1_128' title='bbox 475 2173 505 2244; x_wconf 91' lang='lat'>3,</span> <span class='ocrx_word' id='word_1_129' title='bbox 523 2167 559 2242; x_wconf 80' lang='lat'>23</span> <span class='ocrx_word' id='word_1_130' title='bbox 584 2163 808 2247; x_wconf 79' lang='grc' dir='ltr'><strong><em>κατολιγιορῶν</em></strong></span> <span class='ocrx_word' id='word_1_131' title='bbox 831 2164 889 2250; x_wconf 80' lang='grc' dir='ltr'>τῆς</span> <span class='ocrx_word' id='word_1_132' title='bbox 905 2163 968 2226; x_wconf 80' lang='grc' dir='ltr'>τῶν</span> <span class='ocrx_word' id='word_1_133' title='bbox 986 2155 1113 2228; x_wconf 85' lang='grc' dir='ltr'><strong><em>πόλεων</em></strong></span> <span class='ocrx_word' id='word_1_134' title='bbox 1130 2165 1341 2253; x_wconf 75' lang='grc' dir='ltr'><strong><em>προφυλακῆς</em></strong></span> 
     </span>
    </p>
   </div>
   <div class='ocr_carea' id='block_1_6' title="bbox 164 2272 1341 2715">
    <p class='ocr_par' dir='ltr' id='par_1_10' title="bbox 164 2272 1341 2566">
     <span class='ocr_line' id='line_1_18' title="bbox 166 2272 1341 2356; baseline 0.003 -22"><span class='ocrx_word' id='word_1_135' title='bbox 166 2273 310 2354; x_wconf 88' lang='lat' dir='ltr'>praesidii</span> <span class='ocrx_word' id='word_1_136' title='bbox 334 2273 463 2338; x_wconf 83' lang='lat' dir='ltr'>urbibus</span> <span class='ocrx_word' id='word_1_137' title='bbox 484 2272 604 2336; x_wconf 89' lang='lat' dir='ltr'>ferendi</span> <span class='ocrx_word' id='word_1_138' title='bbox 626 2272 797 2356; x_wconf 81' lang='lat' dir='ltr'>neglegens</span> <span class='ocrx_word' id='word_1_139' title='bbox 814 2275 843 2350; x_wconf 91' lang='lat'>5,</span> <span class='ocrx_word' id='word_1_140' title='bbox 864 2274 917 2350; x_wconf 87' lang='grc'>95,</span> <span class='ocrx_word' id='word_1_141' title='bbox 935 2275 970 2349; x_wconf 91' lang='grc'>5;</span> <span class='ocrx_word' id='word_1_142' title='bbox 995 2274 1181 2338; x_wconf 86' lang='lat' dir='ltr'>vocabulum</span> <span class='ocrx_word' id='word_1_143' title='bbox 1205 2275 1341 2356; x_wconf 92' lang='lat' dir='ltr'>primum</span> 
     </span>
     <span class='ocr_line' id='line_1_19' title="bbox 164 2378 1337 2464; baseline 0.002 -23"><span class='ocrx_word' id='word_1_144' title='bbox 164 2379 245 2459; x_wconf 85' lang='lat' dir='ltr'>apud</span> <span class='ocrx_word' id='word_1_145' title='bbox 270 2378 350 2443; x_wconf 91' lang='lat' dir='ltr'>Xen.</span> <span class='ocrx_word' id='word_1_146' title='bbox 375 2381 527 2444; x_wconf 86' lang='lat' dir='ltr'>habemus</span> <span class='ocrx_word' id='word_1_147' title='bbox 559 2381 665 2442; x_wconf 88' lang='lat' dir='ltr'>eadem</span> <span class='ocrx_word' id='word_1_148' title='bbox 690 2379 796 2462; x_wconf 85' lang='lat' dir='ltr'>signif.</span> <span class='ocrx_word' id='word_1_149' title='bbox 822 2379 893 2462; x_wconf 79' lang='lat' dir='ltr'>Cyr.</span> <span class='ocrx_word' id='word_1_150' title='bbox 923 2381 952 2453; x_wconf 88' lang='lat'>6,</span> <span class='ocrx_word' id='word_1_151' title='bbox 979 2382 1008 2454; x_wconf 90' lang='grc'>3,</span> <span class='ocrx_word' id='word_1_152' title='bbox 1035 2381 1070 2456; x_wconf 86' lang='grc'>9;</span> <span class='ocrx_word' id='word_1_153' title='bbox 1096 2380 1192 2464; x_wconf 88' lang='lat' dir='ltr'>Hipp.</span> <span class='ocrx_word' id='word_1_154' title='bbox 1224 2383 1337 2457; x_wconf 83' lang='lat'>7,13;</span> 
     </span>
     <span class='ocr_line' id='line_1_20' title="bbox 164 2485 971 2566; baseline 0.005 -20"><span class='ocrx_word' id='word_1_155' title='bbox 164 2487 247 2566; x_wconf 90' lang='lat' dir='ltr'>apud</span> <span class='ocrx_word' id='word_1_156' title='bbox 272 2485 372 2550; x_wconf 82' lang='lat' dir='ltr'>Thuc</span> <span class='ocrx_word' id='word_1_157' title='bbox 397 2510 455 2550; x_wconf 89' lang='lat' dir='ltr'>vox</span> <span class='ocrx_word' id='word_1_158' title='bbox 479 2488 607 2552; x_wconf 87' lang='lat' dir='ltr'>denotat</span> <span class='ocrx_word' id='word_1_159' title='bbox 560 2487 883 2566; x_wconf 81' lang='lat' dir='ltr'>tprocideuiio4,</span> <span class='ocrx_word' id='word_1_160' title='bbox 908 2490 971 2565; x_wconf 90' lang='grc'>30,·</span> 
     </span>
    </p>

    <p class='ocr_par' dir='ltr' id='par_1_11' title="bbox 253 2583 1340 2715">
     <span class='ocr_line' id='line_1_21' title="bbox 253 2583 1340 2715; baseline 0.006 -63"><span class='ocrx_word' id='word_1_161' title='bbox 253 2583 474 2675; x_wconf 75' lang='grc' dir='ltr'><strong><em>παραφυλακή</em></strong></span> <span class='ocrx_word' id='word_1_162' title='bbox 499 2595 527 2667; x_wconf 88' lang='grc'>2,</span> <span class='ocrx_word' id='word_1_163' title='bbox 554 2595 605 2669; x_wconf 88' lang='grc'>58,</span> <span class='ocrx_word' id='word_1_164' title='bbox 633 2594 667 2668; x_wconf 87' lang='grc'>1;</span> <span class='ocrx_word' id='word_1_165' title='bbox 700 2595 730 2670; x_wconf 92' lang='grc'>4,</span> <span class='ocrx_word' id='word_1_166' title='bbox 758 2595 808 2671; x_wconf 90' lang='grc'>17,</span> <span class='ocrx_word' id='word_1_167' title='bbox 834 2595 853 2656; x_wconf 86' lang='grc'>0</span> <span class='ocrx_word' id='word_1_168' title='bbox 887 2593 946 2657; x_wconf 85' lang='lat' dir='ltr'>bac</span> <span class='ocrx_word' id='word_1_169' title='bbox 978 2595 1106 2660; x_wconf 89' lang='lat' dir='ltr'>notione</span> <span class='ocrx_word' id='word_1_170' title='bbox 1136 2595 1228 2678; x_wconf 91' lang='lat' dir='ltr'>prim</span> <span class='ocrx_word' id='word_1_171' title='bbox 1257 2597 1340 2715; x_wconf 82' lang='lat' dir='ltr'>apud</span> 
     </span>
    </p>
   </div>
   <div class='ocr_carea' id='block_1_7' title="bbox 34 2673 738 2782">
    <p class='ocr_par' dir='ltr' id='par_1_12' title="bbox 34 2673 738 2782">
     <span class='ocr_line' id='line_1_22' title="bbox 34 2673 738 2782; baseline 0.008 -22"><span class='ocrx_word' id='word_1_172' title='bbox 34 2673 35 2690; x_wconf 28' lang='grc' dir='ltr'><strong><em>ί</em></strong></span> <span class='ocrx_word' id='word_1_173' title='bbox 164 2698 231 2764; x_wconf 94' lang='lat' dir='ltr'>Pol.</span> <span class='ocrx_word' id='word_1_174' title='bbox 280 2699 373 2782; x_wconf 84' lang='lat' dir='ltr'>Apud</span> <span class='ocrx_word' id='word_1_175' title='bbox 397 2699 531 2782; x_wconf 78' lang='lat' dir='ltr'>Hippos.</span> <span class='ocrx_word' id='word_1_176' title='bbox 556 2700 738 2766; x_wconf 76' lang='lat' dir='ltr'>observatio</span> 
     </span>
    </p>
   </div>
   <div class='ocr_carea' id='block_1_8' title="bbox 163 2849 1338 3160">
    <p class='ocr_par' dir='ltr' id='par_1_13' title="bbox 163 2849 1338 3160">
     <span class='ocr_line' id='line_1_23' title="bbox 251 2849 1338 2946; baseline 0.005 -25.028"><span class='ocrx_word' id='word_1_177' title='bbox 251 2849 447 2944; x_wconf 87' lang='grc' dir='ltr'><strong><em>Ἐφοδεία</em></strong></span> <span class='ocrx_word' id='word_1_178' title='bbox 421 2861 533 2925; x_wconf 81' lang='lat' dir='ltr'>circuit</span> <span class='ocrx_word' id='word_1_179' title='bbox 534 2861 563 2924; x_wconf 89' lang='lat' dir='ltr'>io</span> <span class='ocrx_word' id='word_1_180' title='bbox 520 2861 627 2926; x_wconf 90' lang='lat' dir='ltr'>tad</span> <span class='ocrx_word' id='word_1_181' title='bbox 651 2861 798 2926; x_wconf 84' lang='lat' dir='ltr'>excubias</span> <span class='ocrx_word' id='word_1_182' title='bbox 821 2863 1030 2944; x_wconf 89' lang='lat' dir='ltr'>inspiciendas</span> <span class='ocrx_word' id='word_1_183' title='bbox 1055 2865 1085 2940; x_wconf 89' lang='lat'>6,</span> <span class='ocrx_word' id='word_1_184' title='bbox 1111 2865 1163 2938; x_wconf 85' lang='lat'>35,</span> <span class='ocrx_word' id='word_1_185' title='bbox 1186 2864 1221 2939; x_wconf 86' lang='lat'>8;</span> <span class='ocrx_word' id='word_1_186' title='bbox 1246 2864 1338 2946; x_wconf 88' lang='lat' dir='ltr'>prim.</span> 
     </span>
     <span class='ocr_line' id='line_1_24' title="bbox 164 2960 1338 3052; baseline 0.004 -24"><span class='ocrx_word' id='word_1_187' title='bbox 164 2967 245 3048; x_wconf 87' lang='lat' dir='ltr'>apud</span> <span class='ocrx_word' id='word_1_188' title='bbox 273 2965 339 3030; x_wconf 90' lang='lat' dir='ltr'>Pol.</span> <span class='ocrx_word' id='word_1_189' title='bbox 388 2965 473 3030; x_wconf 89' lang='lat' dir='ltr'>Idem</span> <span class='ocrx_word' id='word_1_190' title='bbox 508 2967 665 3051; x_wconf 88' lang='lat' dir='ltr'>siguificat</span> <span class='ocrx_word' id='word_1_191' title='bbox 700 2965 718 3028; x_wconf 86' lang='grc' dir='ltr'>ὁ</span> <span class='ocrx_word' id='word_1_192' title='bbox 749 2960 868 3051; x_wconf 78' lang='grc' dir='ltr'><strong><em>ἔφοδος</em></strong></span> <span class='ocrx_word' id='word_1_193' title='bbox 897 2971 926 3048; x_wconf 88' lang='grc'>6,</span> <span class='ocrx_word' id='word_1_194' title='bbox 956 2971 1008 3048; x_wconf 89' lang='grc'>36,</span> <span class='ocrx_word' id='word_1_195' title='bbox 1038 2971 1072 3046; x_wconf 90' lang='grc'>6;</span> <span class='ocrx_word' id='word_1_196' title='bbox 1109 2970 1163 3052; x_wconf 87' lang='lat' dir='ltr'>qui</span> <span class='ocrx_word' id='word_1_197' title='bbox 1192 2970 1338 3034; x_wconf 83' lang='lat' dir='ltr'>excubias</span> 
     </span>
     <span class='ocr_line' id='line_1_25' title="bbox 163 3073 1239 3160; baseline 0.004 -24"><span class='ocrx_word' id='word_1_198' title='bbox 163 3073 229 3136; x_wconf 90' lang='lat' dir='ltr'>adit</span> <span class='ocrx_word' id='word_1_199' title='bbox 253 3079 283 3138; x_wconf 91' lang='lat' dir='ltr'>et</span> <span class='ocrx_word' id='word_1_200' title='bbox 306 3075 432 3158; x_wconf 89' lang='lat' dir='ltr'>inspicit</span> <span class='ocrx_word' id='word_1_201' title='bbox 456 3077 486 3152; x_wconf 92' lang='lat'>6,</span> <span class='ocrx_word' id='word_1_202' title='bbox 511 3077 563 3155; x_wconf 91' lang='grc'>37,</span> <span class='ocrx_word' id='word_1_203' title='bbox 589 3077 623 3150; x_wconf 87' lang='grc'>5;</span> <span class='ocrx_word' id='word_1_204' title='bbox 649 3075 740 3157; x_wconf 92' lang='lat' dir='ltr'>prim.</span> <span class='ocrx_word' id='word_1_205' title='bbox 766 3075 848 3157; x_wconf 88' lang='lat' dir='ltr'>apud</span> <span class='ocrx_word' id='word_1_206' title='bbox 872 3074 951 3140; x_wconf 87' lang='lat' dir='ltr'>Xen.</span> <span class='ocrx_word' id='word_1_207' title='bbox 978 3075 1049 3160; x_wconf 78' lang='lat' dir='ltr'>Oyr.</span> <span class='ocrx_word' id='word_1_208' title='bbox 1075 3078 1106 3156; x_wconf 92' lang='grc'>8,</span> <span class='ocrx_word' id='word_1_209' title='bbox 1132 3078 1160 3151; x_wconf 89' lang='grc'>6,</span> <span class='ocrx_word' id='word_1_210' title='bbox 1189 3077 1239 3140; x_wconf 91' lang='grc'>16.</span> 
     </span>
    </p>
   </div>
   <div class='ocr_carea' id='block_1_9' title="bbox 158 3226 1339 3743">
    <p class='ocr_par' dir='ltr' id='par_1_14' title="bbox 158 3226 1339 3743">
     <span class='ocr_line' id='line_1_26' title="bbox 253 3226 1339 3320; baseline 0.003 -24"><span class='ocrx_word' id='word_1_211' title='bbox 253 3233 345 3316; x_wconf 85' lang='lat' dir='ltr'>Apud</span> <span class='ocrx_word' id='word_1_212' title='bbox 373 3235 546 3317; x_wconf 87' lang='lat' dir='ltr'>superiores</span> <span class='ocrx_word' id='word_1_213' title='bbox 578 3226 855 3318; x_wconf 81' lang='grc' dir='ltr'><strong><em>σωματοφύλακες</em></strong></span> <span class='ocrx_word' id='word_1_214' title='bbox 890 3240 922 3300; x_wconf 88' lang='grc' dir='ltr'>ε1</span> <span class='ocrx_word' id='word_1_215' title='bbox 952 3229 1125 3320; x_wconf 88' lang='grc' dir='ltr'><strong><em>δορυφόροι</em></strong></span> <span class='ocrx_word' id='word_1_216' title='bbox 1157 3237 1339 3320; x_wconf 88' lang='lat' dir='ltr'>significant</span> 
     </span>
     <span class='ocr_line' id='line_1_27' title="bbox 163 3335 1337 3425; baseline 0.001 -22"><span class='ocrx_word' id='word_1_217' title='bbox 163 3335 307 3404; x_wconf 80' lang='lat' dir='ltr'>custodes</span> <span class='ocrx_word' id='word_1_218' title='bbox 329 3343 489 3421; x_wconf 60' lang='lat' dir='ltr'>coeperim</span> <span class='ocrx_word' id='word_1_219' title='bbox 512 3365 592 3425; x_wconf 86' lang='lat' dir='ltr'>quac</span> <span class='ocrx_word' id='word_1_220' title='bbox 609 3364 698 3407; x_wconf 86' lang='lat' dir='ltr'>voces</span> <span class='ocrx_word' id='word_1_221' title='bbox 715 3343 798 3425; x_wconf 89' lang='lat' dir='ltr'>apud</span> <span class='ocrx_word' id='word_1_222' title='bbox 813 3344 881 3409; x_wconf 93' lang='lat' dir='ltr'>Pol.</span> <span class='ocrx_word' id='word_1_223' title='bbox 899 3367 961 3408; x_wconf 90' lang='lat' dir='ltr'>non</span> <span class='ocrx_word' id='word_1_224' title='bbox 979 3349 1161 3422; x_wconf 84' lang='lat' dir='ltr'>occurrunt3</span> <span class='ocrx_word' id='word_1_225' title='bbox 1185 3344 1219 3406; x_wconf 91' lang='lat' dir='ltr'>in</span> <span class='ocrx_word' id='word_1_226' title='bbox 1235 3343 1337 3406; x_wconf 89' lang='lat' dir='ltr'>locum</span> 
     </span>
     <span class='ocr_line' id='line_1_28' title="bbox 161 3439 1338 3535; baseline 0.002 -29"><span class='ocrx_word' id='word_1_227' title='bbox 161 3447 330 3510; x_wconf 84' lang='lat' dir='ltr'>succedunt</span> <span class='ocrx_word' id='word_1_228' title='bbox 352 3439 372 3532; x_wconf 77' lang='grc' dir='ltr'><em>ἡ</em></span> <span class='ocrx_word' id='word_1_229' title='bbox 396 3442 470 3530; x_wconf 80' lang='grc' dir='ltr'><strong><em>περὶ</em></strong></span> <span class='ocrx_word' id='word_1_230' title='bbox 493 3439 531 3508; x_wconf 78' lang='lat' dir='ltr'>ed</span> <span class='ocrx_word' id='word_1_231' title='bbox 556 3447 650 3526; x_wconf 82' lang='grc' dir='ltr'><strong><em>σῶμα</em></strong></span> <span class='ocrx_word' id='word_1_232' title='bbox 675 3440 802 3535; x_wconf 83' lang='grc' dir='ltr'><strong><em>φυλακή</em></strong></span> <span class='ocrx_word' id='word_1_233' title='bbox 827 3455 858 3514; x_wconf 85' lang='grc' dir='ltr'>ε1</span> <span class='ocrx_word' id='word_1_234' title='bbox 881 3442 1094 3535; x_wconf 74' lang='grc' dir='ltr'><strong><em>ήθεραπεία.</em></strong></span> <span class='ocrx_word' id='word_1_235' title='bbox 1116 3487 1154 3494; x_wconf 87' lang='grc'><strong>-</strong></span> <span class='ocrx_word' id='word_1_236' title='bbox 1173 3441 1190 3510; x_wconf 85' lang='grc' dir='ltr'>ὁ</span> <span class='ocrx_word' id='word_1_237' title='bbox 1206 3441 1264 3510; x_wconf 83' lang='grc' dir='ltr'>έπὶ</span> <span class='ocrx_word' id='word_1_238' title='bbox 1281 3447 1338 3534; x_wconf 77' lang='grc' dir='ltr'>τῆς</span> 
     </span>
     <span class='ocr_line' id='line_1_29' title="bbox 159 3544 1336 3639; baseline 0.007 -28"><span class='ocrx_word' id='word_1_239' title='bbox 159 3544 346 3632; x_wconf 71' lang='grc' dir='ltr'><strong><em>θεραπείας</em></strong></span> <span class='ocrx_word' id='word_1_240' title='bbox 369 3554 544 3634; x_wconf 87' lang='lat' dir='ltr'>praefectus</span> <span class='ocrx_word' id='word_1_241' title='bbox 567 3555 729 3617; x_wconf 89' lang='lat' dir='ltr'>custodum</span> <span class='ocrx_word' id='word_1_242' title='bbox 754 3557 891 3639; x_wconf 91' lang='lat' dir='ltr'>corporis</span> <span class='ocrx_word' id='word_1_243' title='bbox 915 3559 946 3636; x_wconf 88' lang='lat'>4,</span> <span class='ocrx_word' id='word_1_244' title='bbox 971 3559 1022 3637; x_wconf 90' lang='grc'>87,</span> <span class='ocrx_word' id='word_1_245' title='bbox 1049 3561 1074 3622; x_wconf 88' lang='lat'>5·</span> <span class='ocrx_word' id='word_1_246' title='bbox 1085 3563 1115 3622; x_wconf 86' lang='lat' dir='ltr'>et</span> <span class='ocrx_word' id='word_1_247' title='bbox 1131 3559 1161 3621; x_wconf 92' lang='grc'>8.</span> <span class='ocrx_word' id='word_1_248' title='bbox 1187 3556 1246 3620; x_wconf 87' lang='lat' dir='ltr'>hac</span> <span class='ocrx_word' id='word_1_249' title='bbox 1267 3578 1336 3638; x_wconf 90' lang='lat' dir='ltr'>spe-</span> 
     </span>
     <span class='ocr_line' id='line_1_30' title="bbox 158 3658 697 3743; baseline 0.007 -23"><span class='ocrx_word' id='word_1_250' title='bbox 158 3658 233 3722; x_wconf 89' lang='lat' dir='ltr'>ciali</span> <span class='ocrx_word' id='word_1_251' title='bbox 257 3658 383 3722; x_wconf 86' lang='lat' dir='ltr'>notione</span> <span class='ocrx_word' id='word_1_252' title='bbox 406 3662 498 3742; x_wconf 89' lang='lat' dir='ltr'>prim.</span> <span class='ocrx_word' id='word_1_253' title='bbox 523 3661 605 3743; x_wconf 88' lang='lat' dir='ltr'>apud</span> <span class='ocrx_word' id='word_1_254' title='bbox 629 3660 697 3724; x_wconf 89' lang='lat' dir='ltr'>Pol.</span> 
     </span>
    </p>
   </div>
   <div class='ocr_carea' id='block_1_10' title="bbox 316 3836 1177 3923">
    <p class='ocr_par' dir='ltr' id='par_1_15' title="bbox 316 3836 1177 3923">
     <span class='ocr_line' id='line_1_31' title="bbox 316 3836 1177 3923; baseline 0.007 -23"><span class='ocrx_word' id='word_1_255' title='bbox 316 3836 363 3901; x_wconf 88' lang='lat' dir='ltr'>De</span> <span class='ocrx_word' id='word_1_256' title='bbox 387 3838 555 3918; x_wconf 89' lang='lat' dir='ltr'>vocabulis,</span> <span class='ocrx_word' id='word_1_257' title='bbox 581 3862 661 3923; x_wconf 89' lang='lat' dir='ltr'>quae</span> <span class='ocrx_word' id='word_1_258' title='bbox 685 3841 723 3904; x_wconf 85' lang='lat' dir='ltr'>ad</span> <span class='ocrx_word' id='word_1_259' title='bbox 748 3842 859 3906; x_wconf 89' lang='lat' dir='ltr'>belli</span> <span class='ocrx_word' id='word_1_260' title='bbox 846 3863 910 3908; x_wconf 84' lang='lat' dir='ltr'>iusi</span> <span class='ocrx_word' id='word_1_261' title='bbox 900 3843 988 3907; x_wconf 86' lang='lat' dir='ltr'>idios</span> <span class='ocrx_word' id='word_1_262' title='bbox 1006 3863 1067 3922; x_wconf 85' lang='lat' dir='ltr'>per</span> <span class='ocrx_word' id='word_1_263' title='bbox 1068 3843 1177 3906; x_wconf 75' lang='lat' dir='ltr'>tinent.</span> 
     </span>
    </p>
   </div>
   <div class='ocr_carea' id='block_1_11' title="bbox 156 3976 1336 4464">
    <p class='ocr_par' dir='ltr' id='par_1_16' title="bbox 156 3976 1335 4464">
     <span class='ocr_line' id='line_1_32' title="bbox 247 3976 1335 4141; baseline 0.008 -102"><span class='ocrx_word' id='word_1_264' title='bbox 247 3976 393 4044; x_wconf 76' lang='lat' dir='ltr'>Insidiae</span> <span class='ocrx_word' id='word_1_265' title='bbox 414 3981 497 4062; x_wconf 90' lang='lat' dir='ltr'>apud</span> <span class='ocrx_word' id='word_1_266' title='bbox 513 3986 630 4045; x_wconf 87' lang='lat' dir='ltr'>veteres</span> <span class='ocrx_word' id='word_1_267' title='bbox 646 3986 720 4046; x_wconf 87' lang='lat' dir='ltr'>sunt</span> <span class='ocrx_word' id='word_1_268' title='bbox 736 3977 865 4066; x_wconf 81' lang='grc' dir='ltr'><strong><em>ἐνέδρα,</em></strong></span> <span class='ocrx_word' id='word_1_269' title='bbox 888 3987 961 4066; x_wconf 89' lang='lat' dir='ltr'>poe&#39;t</span> <span class='ocrx_word' id='word_1_270' title='bbox 963 4005 999 4046; x_wconf 85' lang='lat' dir='ltr'>ae</span> <span class='ocrx_word' id='word_1_271' title='bbox 949 3984 1135 4048; x_wconf 89' lang='lat' dir='ltr'>tthaben</span> <span class='ocrx_word' id='word_1_272' title='bbox 1122 3984 1335 4141; x_wconf 80' lang='lat' dir='ltr'>tplerumqoe</span> 
     </span>
     <span class='ocr_line' id='line_1_33' title="bbox 158 4067 1280 4172; baseline 0.011 -27"><span class='ocrx_word' id='word_1_273' title='bbox 158 4067 259 4158; x_wconf 76' lang='grc' dir='ltr'><strong><em>λόχος</em></strong></span> <span class='ocrx_word' id='word_1_274' title='bbox 284 4088 453 4168; x_wconf 89' lang='lat' dir='ltr'>utrumque</span> <span class='ocrx_word' id='word_1_275' title='bbox 475 4109 541 4151; x_wconf 84' lang='lat' dir='ltr'>voc.</span> <span class='ocrx_word' id='word_1_276' title='bbox 567 4089 695 4170; x_wconf 87' lang='lat' dir='ltr'>praebet</span> <span class='ocrx_word' id='word_1_277' title='bbox 682 4087 778 4152; x_wconf 87' lang='lat' dir='ltr'>tPol</span> <span class='ocrx_word' id='word_1_278' title='bbox 803 4084 934 4150; x_wconf 77' lang='grc' dir='ltr'><strong><em>τιθέναι</em></strong></span> <span class='ocrx_word' id='word_1_279' title='bbox 955 4082 1015 4163; x_wconf 77' lang='grc' dir='ltr'><strong><em>τοὶς</em></strong></span> <span class='ocrx_word' id='word_1_280' title='bbox 1032 4084 1280 4172; x_wconf 82' lang='grc' dir='ltr'>ένέδρας3,71,</span> 
     </span>
     <span class='ocr_line' id='line_1_34' title="bbox 156 4098 1336 4277; baseline 0.01 -27"><span class='ocrx_word' id='word_1_281' title='bbox 156 4191 214 4251; x_wconf 90' lang='lat' dir='ltr'>ant</span> <span class='ocrx_word' id='word_1_282' title='bbox 215 4211 250 4252; x_wconf 89' lang='lat' dir='ltr'>ca</span> <span class='ocrx_word' id='word_1_283' title='bbox 274 4185 406 4273; x_wconf 79' lang='grc' dir='ltr'><strong><em>ἐνέδραν</em></strong></span> <span class='ocrx_word' id='word_1_284' title='bbox 429 4195 672 4256; x_wconf 43' lang='grc' dir='ltr'><strong><em>ποιεῖσθαιμ-</em></strong></span> <span class='ocrx_word' id='word_1_285' title='bbox 689 4183 772 4277; x_wconf 83' lang='grc' dir='ltr'><strong><em>λόχῳ</em></strong></span> <span class='ocrx_word' id='word_1_286' title='bbox 796 4186 1029 4277; x_wconf 66' lang='grc' dir='ltr'><strong><em>ένεδρευίλείς</em></strong></span> <span class='ocrx_word' id='word_1_287' title='bbox 1020 4220 1054 4261; x_wconf 90' lang='lat' dir='ltr'>1n</span> <span class='ocrx_word' id='word_1_288' title='bbox 1077 4199 1205 4262; x_wconf 86' lang='lat' dir='ltr'>insidias</span> <span class='ocrx_word' id='word_1_289' title='bbox 1225 4098 1336 4263; x_wconf 87' lang='lat' dir='ltr'>incidit</span> 
     </span>
     <span class='ocr_line' id='line_1_35' title="bbox 156 4295 300 4373; baseline 0 -17"><span class='ocrx_word' id='word_1_290' title='bbox 156 4295 186 4373; x_wconf 92' lang='grc'>8,</span> <span class='ocrx_word' id='word_1_291' title='bbox 216 4296 243 4373; x_wconf 91' lang='lat' dir='ltr'>l,</span> <span class='ocrx_word' id='word_1_292' title='bbox 270 4299 300 4358; x_wconf 84' lang='lat'>2.</span> 
     </span>
     <span class='ocr_line' id='line_1_36' title="bbox 1102 4414 1118 4464; baseline 0 0"><span class='ocrx_word' id='word_1_293' title='bbox 1102 4414 1118 4464; x_wconf 89' lang='grc'>2</span> 
     </span>
    </p>
   </div>
   <div class='ocr_carea' id='block_1_12' title="bbox 0 0 1592 4878">
    <p class='ocr_par' dir='ltr' id='par_1_17' title="bbox 0 0 1592 4878">
     <span class='ocr_line' id='line_1_37' title="bbox 0 0 1592 4878; baseline 0 4"><span class='ocrx_word' id='word_1_294' title='bbox 0 0 1592 4878; x_wconf 95' lang='lat' dir='ltr'> </span> 
     </span>
    </p>
   </div>
  </div>
 </body>
</html>
