3176 4878
678 265 897 326 ,49-

196 450 375 546 εύθαρσής,
400 452 565 539 εύτολμος,
594 449 751 541 εύρωστος
775 493 816 505 —
840 447 972 544 άχεννής
996 495 1038 504 -
1062 449 1303 544 άνταχωνιστης
1333 496 1375 504 -

149 572 151 576 ’
198 557 393 653 κατασκοπή
430 567 624 649 potissimum
658 567 730 630 inde
765 589 784 629 a
818 565 898 630 Xen.
935 602 976 611 -
1011 556 1235 640 κατοπτεύειν,
1273 586 1373 626 κατα-

198 670 416 746 σκέπτεσθαι,
444 711 484 718 -
509 669 729 749 μισθοδοτίω,
753 661 960 757 μισθοδότης
985 709 1026 716 -
1051 661 1212 751 ὀχύρωμα,
1246 663 1376 753 ὀχυροῦν

199 769 322 859 (δχερύς
353 803 371 842 a
403 781 502 863 politis
534 780 706 862 sumptum)
733 815 773 823 -
802 771 963 852 ἐπίπεδος
988 815 1029 822 -
1053 769 1224 840 καταλύειν
1253 779 1326 842 inde
1358 803 1376 842 a

198 884 280 950 Xen.
294 887 491 951 intransitive
507 877 688 969 ἀνάσκητος
705 922 745 930 -
763 876 1039 976 δυσπολιόρκητος
1056 921 1097 930 -
1116 874 1319 969 παρόρμησις
1334 923 1374 931 -

199 983 396 1077 δύσχρηστος
420 993 626 1077 (quamquam
650 993 804 1056 vocabula
828 989 1102 1073 δυσχρηστεῑσδαι
1126 996 1157 1054 et
1181 987 1375 1074 δοσχρηστία

198 1099 337 1162 nondum
360 1101 443 1183 apud
459 1100 538 1166 Xon.
563 1099 745 1178 occurrunt)
762 1135 804 1144 -
820 1089 1000 1177 χαράκωμα
1018 1135 1059 1142 -
1076 1087 1186 1178 τάγμα
1203 1135 1244 1143 ·-
1261 1119 1375 1160 νυκτο-

199 1209 312 1286 πορεῖν
327 1244 371 1252 -
387 1198 609 1292 ἒκμηρύεσθαι
624 1243 664 1252 —
679 1199 709 1267 oi
727 1194 1031 1287 προκινδονεύοντες
1047 1205 1183 1286 primum
1202 1226 1314 1288 agmen
1333 1243 1375 1250 —

198 1303 277 1390 ούρά
300 1336 358 1396 pro
381 1315 548 1378 novissimo
565 1315 751 1397 agmine-
768 1301 944 1388 πολεμικόν
966 1327 1022 1394 pro
1039 1301 1192 1394 σύνθημα
1213 1310 1375 1390 „Parole“.

198 1410 361 1504 ὑπερβολή
384 1421 545 1498 transitus,
570 1422 729 1494 traiecti03
755 1421 855 1484 multa
879 1419 951 1484 alia.

287 1525 507 1591 Mollenhauer
531 1527 607 1590 haee
631 1527 708 1590 dicit
730 1527 763 1590 in
786 1525 997 1608 praefatione:
1026 1525 1224 1608 Quamquam
1249 1527 1375 1608 puriore

197 1654 293 1714 qnam
324 1633 491 1716 quisquam
521 1634 700 1716 aequalium
728 1634 869 1696 oratione
893 1632 1008 1699 utitur.
1040 1636 1147 1696 tamen
1174 1633 1294 1714 primus
1319 1637 1374 1711 est,

197 1739 275 1816 (soil.
302 1738 464 1822 Polybius)
487 1739 521 1802 in
545 1761 607 1822 quo
631 1738 821 1802 luculentius
837 1739 970 1822 vestigia
987 1739 1143 1821 quaedam
1159 1739 1288 1822 linguae
1305 1739 1375 1802 vul-

198 1844 282 1928 garis
306 1867 387 1927 quae
411 1846 525 1908 dieitur
548 1837 640 1927 κοινή
665 1867 853 1927 cognoscere
876 1845 1041 1926 possimus.

286 1949 394 2041 Laudo
430 1951 567 2034 quidem,
604 1974 684 2034 quae
715 1953 774 2016 hoe
806 1952 873 2016 loeo
902 1952 981 2014 dixit
1016 1952 1065 2014 vir
1095 1953 1218 2027 doetus,
1254 1953 1307 2016 sed
1340 1976 1376 2018 ea

198 2059 324 2139 lingua,
349 2080 429 2140 quae
453 2058 490 2120 ad
515 2080 581 2120 rem
604 2057 773 2122 militarem
796 2058 947 2140 pertinet,
977 2079 1038 2122 non
1059 2059 1158 2138 paulo
1181 2067 1254 2123 ante
1280 2059 1376 2144 Poly-

200 2165 286 2228 bium
321 2169 442 2227 mutata
478 2170 508 2226 et
544 2165 737 2246 amplificata
770 2187 833 2228 esse
872 2165 1004 2228 videtur.
1064 2166 1263 2230 Documenta
1302 2173 1375 2232 sunt

200 2271 417 2364 Xenophontis
441 2272 524 2350 libri,
549 2273 662 2356 quibus
687 2273 787 2336 multa
810 2278 883 2336 sunt
903 2273 1055 2336 voeabula
1072 2279 1197 2356 reoepta
1214 2275 1374 2354 militaria,

199 2402 279 2462 quae
307 2401 369 2441 non
393 2378 493 2441 solum
517 2379 581 2442 vim
606 2384 636 2442 et
659 2382 819 2454 naturam,
846 2381 897 2442 sed
926 2379 1020 2442 etiam
1052 2379 1186 2444 formam
1211 2381 1374 2446 dilatatam

198 2486 376 2568 posterioris
400 2485 511 2548 aetatis
534 2507 610 2566 prae
634 2507 665 2548 se
690 2485 804 2550 ferunt.
851 2485 957 2568 Atque
985 2487 1025 2550 ab
1054 2486 1110 2550 illa
1143 2492 1261 2565 aetate,
1294 2511 1375 2571 quae

197 2599 245 2656 tot
268 2597 299 2656 et
321 2597 411 2656 tanta
436 2592 517 2654 bella
542 2593 628 2669 vidit,
654 2614 717 2655 non
741 2593 878 2656 alienum
902 2616 967 2656 esse
984 2593 1106 2656 videtur
1122 2593 1266 2678 linguam
1290 2597 1374 2660 mili-

197 2705 298 2762 tarem
322 2699 514 2782 amplificare
539 2704 570 2760 et
594 2720 785 2780 promovere.

287 2805 404 2869 Multas
428 2828 517 2870 voees
541 2811 572 2870 et
595 2807 737 2877 notiones
760 2807 820 2869 hoe
843 2807 935 2868 modo
959 2806 1094 2870 orationi
1110 2807 1198 2869 addit
1214 2807 1374 2891 Polybius,

198 2913 281 2996 quod
305 2913 501 2995 superiorum
525 2913 747 2978 vocabulorum
771 2913 834 2975 viru
859 2916 890 2976 et
916 2913 1178 2996 significationem
1202 2916 1375 2998 amplificat

198 3025 253 3083 ant
273 3026 405 3099 coercet,
429 3029 465 3084 ut
487 3044 560 3085 usus
583 3021 735 3104 postulat:
759 3014 914 3104 μηνίσκος
937 3021 1097 3084 notionem
1114 3023 1228 3104 accipit
1244 3024 1375 3089 lunatae

199 3130 295 3204 aciei·
319 3165 362 3173 -
383 3112 540 3208 στρατεία
555 3129 642 3211 prius
658 3128 825 3220 expeditio,
850 3128 932 3210 apud
949 3126 1017 3190 Pol.
1035 3128 1130 3191 etiam
1147 3131 1316 3208 exereitum
1331 3168 1371 3175 —

198 3225 376 3319 δαπάνημα
399 3240 551 3318 sumptus
573 3235 656 3317 apud
672 3240 813 3299 nostrum
831 3239 1033 3300 commeatus:
1061 3227 1307 3320 δαπανημάτων
1324 3231 1374 3298 ἐν·

198 3338 269 3426 δείᾳ
294 3348 323 3416 9,
350 3348 402 3420 42,
429 3349 459 3406 4.
486 3378 524 3386 -

287 3439 478 3526 ἐπικράτεια
502 3448 584 3531 apud
607 3449 726 3530 priores
748 3450 932 3528 imperium,
967 3449 1049 3530 apud
1077 3455 1218 3512 nostrum
1243 3449 1374 3514 victoria

199 3555 229 3630 2,
257 3555 310 3618 13:
336 3549 396 3628 ἕως
419 3553 477 3640 της
494 3549 721 3638 Καρχηδονίων
746 3549 964 3636 ἐπικρατείας.
983 3591 1023 3599 -
1041 3550 1171 3618 πταίειν
1188 3561 1280 3620 antea
1296 3557 1371 3637 labi,

197 3661 281 3726 mute
303 3683 369 3725 νοω
392 3682 508 3743 perere,
534 3661 665 3746 Polybio
689 3661 868 3744 saepissime
891 3663 982 3738 vinei,
1007 3662 1215 3727 succumbere.

287 3775 450 3840 Nonnulla
474 3777 570 3840 verba
594 3782 686 3840 antea
709 3799 779 3840 cum
797 3799 870 3840 casu
887 3782 942 3841 aut
957 3779 1188 3860 praepositione
1205 3779 1373 3862 conjuncta

198 3883 338 3948 absolute
362 3889 522 3966 ponuntur
546 3907 564 3947 a
584 3883 723 3967 Polybio,
747 3883 833 3946 uelut
856 3873 1063 3958 ἐξάπτεσθαι
1087 3890 1180 3950 antea
1196 3908 1265 3950 oum
1282 3887 1372 3968 geni-

197 3991 262 4053 tivo
285 3991 502 4074 conjunctum,
527 3991 607 4073 apud
635 3995 777 4053 nostrum
801 3991 941 4054 absolute
965 3991 1112 4074 positum.

287 4105 326 4168 Ιιι
350 4127 475 4170 sensum
500 4109 704 4170 transitivum
727 4107 827 4170 multa
851 4107 1003 4170 voeabula
1029 4107 1093 4171 Pol.
1124 4113 1238 4171 mutat:
1272 4105 1372 4170 πολο-

199 4216 395 4294 πραχμονεῖν
411 4213 575 4295 speeulari‚
588 4213 766 4296 explorare3
785 4217 974 4296 στρατηγεῖν
991 4233 1063 4275 τινα
1074 4250 1115 4258 -
1126 4212 1372 4294 παρασπονδεῖν

1141 4325 1158 4374 4
