3176 4878
681 256 899 318 „47-

202 451 324 534 saepius
341 450 462 524 accidit,
488 449 682 514 adsimilem
706 450 789 532 apud
805 450 962 514 Romanos
978 471 1043 512 rem
1065 448 1264 536 transfertur.
1301 448 1379 513 For-

202 558 288 621 mula
312 551 479 640 θρίαμβον
503 545 592 637 dycta
616 557 724 640 utique
747 555 891 620 Romane
914 561 970 623 est.

292 665 364 729 Pari
388 665 480 728 ruodo
504 667 624 726 κῖινεν
649 664 897 728 εΗσισαιιοκαιιι
920 687 976 727 usu
1002 665 1152 728 deducere
1175 686 1239 728 non
1255 668 1394 747 oportet

201 773 323 851 (contra
359 769 471 835 Stichii
504 770 718 850 sententiam).
778 770 815 834 In
849 769 1069 853 Xenophontis
1104 771 1192 835 libris
1227 771 1379 857 habemus

200 881 299 943 κινεῖν
330 871 388 965 τὴν
420 867 588 960 στρατιάν,
626 879 724 941 κινεῖν
758 870 834 952 τούς
869 867 1070 959 στρατιώτας
1103 879 1164 942 An.
1198 881 1233 956 3,
1258 877 1293 964 ll,
1320 881 1376 956 28;

201 990 300 1048 κινεῖν
322 983 359 1047 τὸ
384 975 613 1066 στρατόπεδον.
636 1023 676 1029 -
699 985 765 1049 Pol.
790 986 959 1070 objectum,
985 987 1067 1069 quod
1092 1008 1248 1063 vocamus,
1273 987 1379 1049 amisit

141 1162 143 1167 ,
201 1099 232 1158 et
264 1094 451 1156 vocabulum
484 1093 619 1156 neutrali
650 1115 741 1161 sensu
772 1089 945 1175 usurpavit,
979 1094 1010 1156 id
1041 1093 1124 1176 quod
1147 1095 1270 1176 saepius
1294 1095 1378 1175 apud

203 1183 272 1263 enin
298 1201 444 1264 occurrit.

290 1307 402 1391 Neque
434 1308 535 1391 magis
565 1297 752 1369 συνδιώκειν
784 1307 822 1370 ad
846 1305 1006 1370 Romanos
1030 1307 1227 1370 referendum
1252 1311 1376 1370 etcum

201 1417 346 1496 consequi
368 1415 614 1497 comparandum
638 1436 702 1477 esse
726 1420 819 1497 puto;
845 1411 995 1497 Polybius
1022 1413 1107 1476 enim
1130 1436 1221 1496 saepe
1244 1435 1377 1496 praepo-

200 1524 343 1586 sitionem
370 1515 426 1584 adv
451 1521 554 1586 verbis
577 1521 724 1604 praefigit
746 1521 801 1596 ita,
827 1524 862 1583 ut
883 1521 970 1583 verbi
985 1521 1073 1583 notio
1091 1521 1298 1584 mutationem
1314 1543 1376 1583 non

203 1630 337 1712 accipiat
361 1629 589 1711 (amplificandi
613 1628 714 1690 solum
738 1628 852 1707 causa).

290 1735 377 1831 ψυχή
401 1745 653 1828 frequentissime
680 1744 761 1826 apud
786 1742 853 1806 Pol.
884 1742 1036 1806 habemns
1064 1764 1122 1824 pro
1148 1741 1277 1818 „Muu‘;
1313 1742 1377 1805 for·

200 1858 282 1917 tasse
312 1853 488 1916 revocanda
520 1856 565 1915 est
596 1857 659 1914 tarn
686 1851 796 1914 crebra
819 1850 943 1912 iteratio
967 1849 1112 1913 vocabuli
1136 1848 1176 1912 ad
1199 1847 1378 1913 Romanum

201 1981 335 2024 animus,

291 2067 451 2130 Postremo
475 2066 666 2129 mentionem
688 2065 804 2128 faciam
827 2063 1062 2139 vocabulorum,
1088 2085 1168 2146 qnae
1192 2067 1259 2126 tota
1280 2063 1376 2126 ello·

200 2197 364 2236 manorum
401 2173 512 2258 lingua
547 2173 710 2254 desumpta
742 2170 869 2234 Graecis
904 2174 1028 2232 tantum
1063 2169 1176 2233 litteris
1211 2170 1376 2252 expressit:

200 2271 323 2364 αάρμη,
348 2271 495 2352 ἁστάτοι,
521 2272 706 2359 πρίγκιττες,
731 2267 878 2358 τριάριοι,
904 2264 1189 2356 ἐκτρασρδινάρισι,
1206 2268 1375 2356 lupanar,

199 2377 370 2466 aerariorum
394 2391 453 2450 etc.

288 2493 437 2557 Notabile
461 2493 593 2569 videtur,
622 2493 715 2574 quod,
749 2514 819 2556 cum
847 2491 909 2555 tria
933 2489 995 2554 alia
1018 2489 1154 2552 militnm
1179 2509 1295 2571 genera
1318 2510 1375 2551 no-

200 2602 307 2676 minet,
339 2605 486 2682 quartum
519 2622 583 2663 non
614 2600 690 2662 item
722 2590 861 2672 σύέλιτες
893 2597 1037 2660 Romano
1071 2597 1198 2658 nomine
1228 2594 1376 2678 appellat.

199 2708 378 2772 Verisimile
410 2711 456 2770 est
485 2712 614 2790 propter
644 2706 780 2768 litteram
814 2695 851 2765 ot
883 2693 1069 2787 (οὖέλιτες).
1116 2703 1164 2765 De
1196 2701 1377 2765 Latinismis

199 2817 291 2898 plura
315 2816 459 2878 disseruit
482 2813 628 2879 thzeler
651 2835 724 2897 pag.
754 2815 791 2878 17
817 2835 841 2874 a.
1358 2818 1362 2824 ’

290 2932 496 2996 Macedonum
518 2932 563 3013 (et
584 2930 879 3012 Alexandrinorum)
899 2928 1050 2992 vocabula
1066 2948 1131 2990 esse
1148 2925 1256 2989 dicunt
1274 2925 1375 3008 Phry-

198 3039 309 3103 nichus
346 3043 377 3101 et
407 3038 533 3101 Pollux:
570 3027 760 3122 παρεμβολή
796 3041 912 3110 castra;
947 3025 1185 3116 ἀργυράσπιδες
1210 3070 1250 3076 —-
1275 3053 1376 3094 κατα-

198 3141 317 3206 πέλται
344 3181 383 3187 -
408 3138 526 3205 κανσιά
551 3179 591 3186 -
617 3141 713 3216 πῖλος
738 3178 778 3184 -
803 3132 944 3222 σάρισσα
969 3177 1009 3184 -
1034 3133 1157 3218 ἑταῖροι
1182 3176 1222 3182 -
1252 3131 1376 3220 ἑταῖροι

198 3248 314 3326 inrisio
338 3287 379 3296 --
404 3243 549 3334 declarari
578 3247 686 3322 ἵππος
711 3285 750 3292 κ
776 3245 996 3330 ζυγοστατεῖνε
1029 3238 1046 3308 ὁ
1083 3235 1376 3327 ζυγοστατούμενσς

199 3353 341 3438 πόλεμος
365 3357 483 3422 bellum
515 3380 637 3440 anceps.
686 3357 778 3420 Haud
811 3358 874 3420 scio
908 3379 947 3419 an
973 3353 1091 3436 θυρέσς
1125 3377 1141 3418 ε
1166 3353 1373 3418 Macedonum

198 3491 342 3533 sermone
366 3467 580 3531 deducendum
603 3465 651 3528 sic

289 3575 391 3638 Multa
414 3595 488 3637 sane
512 3571 674 3647 vocabula,
699 3592 833 3653 quorum
856 3569 1010 3652 originem
1036 3590 1120 3631 nunc
1142 3590 1204 3631 non
1221 3569 1374 3644 novimus,

198 3682 349 3767 Polybius
381 3704 397 3744 e
421 3680 628 3743 Macedonum
660 3677 707 3740 rel
734 3677 795 3738 alio
819 3698 961 3740 sermone
984 3674 1164 3756 desumpsit,
1195 3695 1265 3736 cum
1290 3673 1373 3756 quod

198 3791 226 3854 ei
251 3812 332 3853 nova
356 3809 476 3869 semper
492 3784 646 3850 vocabula
671 3783 852 3847 variationis
868 3805 962 3846 cansa
978 3803 1055 3864 opus
1071 3784 1171 3850 erant,
1196 3784 1265 3842 tum
1281 3779 1373 3862 quod,

199 3902 234 3960 ut
257 3899 302 3960 ita
326 3895 441 3972 dicam,
476 3917 514 3958 ex
545 3893 684 3976 practico
708 3913 765 3953 usn
790 3889 951 3954 facilitatis
975 3894 1006 3952 et
1028 3886 1259 3952 commoditatis
1282 3907 1376 3950 causa

198 4007 296 4070 rerba
320 4003 425 4087 elegit.

291 4111 443 4174 Venimus
467 4110 505 4173 ad
530 4109 628 4172 alium
651 4108 783 4184 fontem,
807 4129 844 4169 ex
868 4128 929 4188 qno
953 4104 1115 4188 Polybius
1145 4107 1180 4165 ut
1203 4102 1298 4166 etiam
1322 4100 1375 4164 alii

199 4221 375 4304 scriptores,
408 4217 509 4280 multa
539 4215 692 4278 vocabula
716 4215 829 4277 hausit.
877 4212 1068 4294 Scriptorem
1092 4233 1163 4275 oum
1186 4232 1242 4272 sua
1265 4212 1375 4292 sponte
