3176 4878
676 284 893 349 -33..

286 479 505 544 Variationem
528 480 680 545 habemus
706 480 739 564 l)
763 481 796 544 in
819 483 1116 566 praepositionibus:
1143 476 1371 562 συμπίπτειν,

197 581 450 670 προσπίπτειν,
475 581 725 669 παραπίπτειν
748 590 889 672 aggredi,
914 613 1006 673 saepe
1030 591 1125 654 etiam
1148 579 1368 654 dvrtnlnaew.

285 683 488 781 κατασκευή
515 731 552 740 -
579 685 805 781 παρασκευή;

284 796 485 864 α’ποκλείειν
510 840 549 848 —
575 796 779 879 διακλείειν,·

284 902 496 970 ἐνίστασθαι
520 944 561 954 -
585 899 837 972 ἀνθίστασθαι
862 911 1019 987 resistere3

284 1005 521 1078 α’νασκόπτειν
545 1053 588 1061 -
612 1005 879 1080 κατασκάπτειν
903 1019 1015 1084 delere.

284 1123 489 1188 Memorabile
521 1145 595 1186 sane
628 1127 674 1186 est
702 1123 785 1186 hano
812 1119 1018 1190 variationem
1046 1127 1197 1191 inveniri:
1231 1116 1314 1210 πρός
1336 1149 1372 1192 τε

194 1221 269 1304 τοδς
293 1225 330 1290 ἐν
354 1227 393 1316 γῇ
417 1221 618 1304 κινδύνους
641 1225 677 1290 ἐκ
694 1220 909 1312 παρατάξεως
925 1222 1144 1314 γενναιότατοι
1162 1221 1246 1314 πρός
1261 1253 1297 1297 τε
1312 1227 1372 1310 τοῖς

193 1329 291 1398 κατυί
315 1327 526 1397 θόλατταν’
511 1357 546 1396 εκ
563 1335 620 1397 τοῦ
636 1335 749 1418 καιροῦ
764 1331 871 1418 χρείας
887 1329 1095 1418 ἑτοιμότατοι
1113 1348 1141 1415 5,
1162 1347 1190 1415 2,
1210 1347 1244 1416 53
1269 1339 1371 1404 varia-

192 1445 311 1508 tionem
335 1443 518 1507 habemus
509 1467 542 1507 ru
567 1433 787 1518 utvddvovget
809 1440 972 1527 χρείαςολ
995 1447 1181 1511 notabilem:
1215 1441 1253 1509 ἐν
1277 1445 1371 1548 γῇελ

193 1541 294 1614 κατὰ
318 1539 503 1610 θάλατταν·
497 1550 702 1632 ,superiores
725 1573 848 1634 semper
871 1553 1002 1670 habent:
975 1545 1112 1616 λκατα
1137 1552 1194 1640 γῆν
1211 1548 1265 1614 καὶ
1282 1573 1367 1613 κατα

184 1632 374 1718 θάλατταν

282 1770 317 1838 5,
354 1771 408 1828 14:
444 1755 709 1845 ἀποπειρᾶσθαι
741 1802 780 1810 -
816 1755 1092 1845 καταπειρόζειν.
1150 1765 1292 1830 Veriatio
1324 1771 1370 1830 est

193 1872 226 1950 2)
248 1870 281 1933 in
305 1871 460 1934 adverbiis
484 1875 515 1934 et
538 1871 825 1953 conjunctionibus:
855 1861 957 1934 ὁπότε
985 1864 1046 1957 τήν
1074 1863 1260 1934 ὑποκάτω
1290 1873 1368 1954 (soil.

191 1967 295 2056 χιόνα)
320 1971 470 2056 ἐπιβαῖεν
489 2015 528 2022 -
545 1977 678 2041 subinde
700 1979 749 2041 bis
766 1969 823 2062 τήν
839 1969 929 2039 κοῖτω
945 1968 1036 2056 χιόνα
1052 1969 1245 2051 διακόπτειν
1262 1987 1291 2055 3,
1311 1988 1369 2056 55,-

191 2084 261 2148 Hoo
291 2085 359 2148 loeo
391 2106 454 2146 non
485 2085 587 2148 solum
615 2086 822 2148 variationem
853 2085 1045 2167 deprehendi
1068 2089 1161 2167 puto,
1194 2085 1246 2149 sed
1274 2087 1368 2149 etiam

192 2190 361 2275 Polybium
385 2213 448 2254 non
472 2213 598 2272 prorsus
620 2215 819 2256 enumerose
835 2192 955 2255 dicendi
974 2213 1088 2274 genere
1103 2192 1273 2256 abhorrere
1290 2193 1366 2256 mihi
1392 2271 1394 2280 .

191 2321 373 2382 persuasum
397 2303 452 2362 est.
500 2297 585 2362 Nam
609 2293 667 2360 ἐπὶ
689 2292 747 2383 τήν
770 2289 861 2359 κάτω
884 2294 941 2360 καί
965 2300 1195 2384 συνεστηκυῖαν
1219 2293 1369 2378 ἐπιβαῖεν

191 2427 319 2488 prorsus
343 2429 361 2468 a
384 2405 545 2490 rhythmo,
569 2429 662 2489 quem
687 2429 844 2484 vocamus,
868 2407 1006 2470 alienum
1029 2429 1093 2471 esse
1114 2407 1274 2484 existimo;
1299 2399 1369 2490 τήν

191 2503 296 2593 κοῖται
322 2503 435 2590 χιόνα
459 2537 515 2596 per
538 2536 570 2577 se
592 2514 694 2597 ipsum
719 2514 842 2596 plenius
864 2519 895 2576 et
917 2514 1112 2577 numerosius
1135 2537 1225 2578 aures
1248 2518 1369 2577 nostras

191 2620 386 2703 perstringit.

281 2726 357 2792 Post
389 2727 472 2790 hane
500 2725 724 2809 digressionem
753 2726 815 2790 alia
846 2727 948 2791 variat
948 2727 1028 2790 ionis
1052 2727 1195 2810 exempla
1219 2727 1363 2791 afferam:

279 2824 414 2896 Ἐόν-
439 2822 491 2911 όν;
517 2825 624 2894 ότι-
643 2827 756 2898 ὅτε-
773 2828 815 2911 εί;
840 2825 936 2896 όν-
955 2829 1047 2914 livore
1073 2835 1202 2910 πῶς-
1226 2825 1367 2898 πότε-

192 2927 281 3002 δι’“
259 2961 298 3013 ας
322 2932 439 3013 αἰτίας

281 3046 401 3110 Variat
378 3051 497 3110 tionem
513 3027 774 3128 deprehendimus
798 3051 829 3121 3)
846 3049 880 3111 in
896 3049 1036 3114 relativis
1053 3054 1084 3113 et
1100 3049 1364 3114 demonstrativis:

190 3143 229 3230 ἃς
244 3149 428 3235 μέν-τοὶς
444 3151 497 3230 dd,
512 3148 553 3216 τοὶ
569 3146 788 3236 priv-3653
806 3149 860 3220 ὅτε
871 3177 929 3235 μεν
949 3146 1079 3218 -τότε
1093 3146 1236 3231 δέςτότε
1252 3152 1361 3232 μέν-

190 3255 261 3324 ἐστι
277 3261 305 3324 δ’
331 3255 404 3339 διες
428 3255 511 3324 ὅπου
539 3301 574 3308 -
602 3264 670 3326 ποῦ
679 3289 686 3342 ;
712 3251 760 3338 οἷς
785 3301 825 3308 -
851 3255 938 3326 ὅσοι.Ι

279 3371 392 3435 Variat
415 3394 508 3454 porro
532 3371 599 3435 Pol.
625 3394 730 3436 casus:
767 3373 797 3445 3,
825 3373 897 3450 113,
923 3373 943 3434 3
967 3375 998 3434 et
1022 3371 1058 3433 8:
1092 3363 1150 3430 ἐπὶ
1178 3369 1235 3456 τῆς
1267 3361 1367 3454 αὐτῆς

191 3477 324 3562 εὐθείας
348 3481 549 3561 ἐξέτεινε-
574 3481 631 3548 ἐπί
654 3477 732 3564 μίαν
756 3479 890 3549 εὐθεῖαν
914 3482 1057 3560 ἐξέτεινε.

280 3594 400 3658 Multus
424 3599 469 3658 est
486 3594 553 3657 Pol.
574 3595 607 3657 in
625 3594 798 3657 variatione
815 3596 951 3658 numeri:
970 3585 1053 3672 μετα
1071 3592 1129 3678 τῆς
1146 3574 1311 3670 δυνάμεως
1326 3625 1363 3636 -·

190 3691 273 3779 ἐχειν
296 3693 355 3775 τδς
379 3691 530 3778 δυνάμεις
555 3706 585 3775 2,
612 3707 662 3776 52,
689 3707 785 3766 7-8.

278 3798 361 3888 ὑπὲρ
384 3806 448 3868 τῶν
473 3795 648 3868 διαλύσεων
676 3844 700 3851 —
723 3797 888 3889 ἀλλότριος
908 3797 1084 3882 διαλύσεως
1101 3814 1131 3884 5,
1151 3813 1223 3884 100,
1242 3811 1367 3880 9-10‚·

279 3922 349 3987 Hoo
372 3922 440 3986 loco
465 3923 682 3986 annotandum
705 3928 752 3987 est
767 3922 937 4007 Polybium
953 3923 1123 3986 multorum
1141 3922 1364 3987 vocabulorum

190 4030 384 4114 singularem
406 4034 438 4092 et
461 4029 615 4112 pluralem
639 4053 805 4094 numerum
829 4029 978 4094 adhibere
1002 4030 1184 4094 variationis
1208 4035 1239 4094 et
1262 4030 1366 4092 hiatus

190 4138 309 4201 vitandi
335 4159 436 4202 eausa.
484 4137 647 4202 Habemus
670 4130 707 4198 τό
731 4125 822 4199 λαιόν
846 4141 877 4200 et
908 4131 948 4196 τά
976 4127 1069 4212 λαιαῖς
1099 4137 1131 4200 in
1164 4137 1366 4220 sequentibus

190 4244 339 4327 exemplis
351 4245 545 4327 singularem
562 4245 724 4317 brevitatis
740 4267 833 4308 causa
849 4245 972 4308 amitto:
992 4239 1027 4305 ἐκ
1044 4242 1107 4304 τῶν
1124 4235 1309 4322 elevatam
1324 4279 1365 4287 —

1136 4354 1152 4405 3
