3176 4878
676 319 895 378 ..41-

292 519 317 593 l,
343 518 396 592 37,
421 518 440 578 2
465 517 614 580 occurrit:
646 511 710 574 τῶν
741 507 801 594 γάρ
833 501 987 596 ἑξήκοντα
1019 505 1075 572 καὶ
1106 499 1267 588 τεττάρων
1291 498 1374 587 πρὸς

199 624 272 697 ταῖς
291 616 492 704 τριακοσίαις
510 615 643 683 ναυσίν
659 611 858 705 ὀγδοήκοντα
873 609 970 697 μόνον
987 613 1104 700 συνέβη
1121 603 1373 700 περιλειφδήναι

200 721 337 814 σκάφη.

293 844 319 910 1,
351 842 402 910 39,
432 841 469 899 4:
502 827 694 914 depictiones
724 827 760 895 ἐκ
790 831 854 892 τῶν
885 825 1030 893 πλοίων
1061 819 1172 890 πάντα
1200 821 1241 889 τά
1274 819 1373 911 βάρη
1443 821 1447 828 ’

198 933 292 1020 μόλις
315 932 492 1026 ἐκούφισαν
514 934 559 1002 τδ
566 963 582 1015 ς
605 939 704 1015 ναῦς.

292 1055 319 1122 1,
346 1055 397 1124 78,
424 1055 458 1113 2:
483 1034 559 1134 ἧκεν
582 1041 628 1122 είς
651 1041 709 1133 την
733 1038 1042 1128 στρατοπεδείαν
1066 1037 1145 1122 ἒχων
1173 1038 1249 1122 περὶ
1273 1034 1373 1103 αὑτὸν

201 1145 359 1234 Νομάδας
383 1148 429 1230 είς
452 1146 569 1217 ἑκατόν
591 1151 648 1218 καί
670 1158 857 1236 συνεγγίσιις
879 1153 930 1236 τῷ
945 1143 1086 1232 χάρακι
1101 1148 1266 1234 τολημρώς
1283 1143 1373 1228 ἔμενε

200 1256 383 1324 κατασείων
406 1261 445 1348 τῇ
468 1257 557 1343 χειρί.

290 1376 319 1440 3,
346 1376 396 1443 81,
426 1377 478 1434 ll:
512 1361 668 1450 καθάπερ
697 1361 757 1452 γάρ
771 1360 872 1444 ,νεώς
900 1361 955 1428 ἐάν
979 1357 1084 1452 οἷφέλη
1108 1387 1157 1440 τις
1181 1359 1236 1425 τδν
1260 1365 1372 1444 κυβερ-

200 1467 305 1561 νήτην,
341 1468 378 1537 τὸ
414 1469 486 1538 ὅλον
525 1467 679 1559 αὕτανδρὶ
718 1465 885 1560 σκάφος
923 1466 1106 1555 ὑποχείριον
1145 1467 1266 1554 γίνεται
1304 1474 1372 1545 τοῖς

200 1578 333 1664 ἐχθροῖς
356 1587 415 1646 etc.

288 1691 388 1766 Quam
420 1689 619 1754 latitudinem
649 1689 773 1754 dicendi
803 1688 937 1752 alterum
965 1686 1029 1750 stili
1054 1685 1219 1770 Polybiani
1246 1685 1372 1767 signum
1431 1759 1433 1763 Ι

200 1819 264 1861 esse
294 1801 379 1879 puto.
435 1797 482 1860 Ea
513 1800 595 1860 certe
626 1796 747 1860 ratione
777 1795 910 1878 scriptor
941 1795 973 1856 in
1008 1793 1067 1857 hoo
1102 1791 1222 1855 dicendi
1259 1811 1372 1873 genere

199 1909 348 1981 versatur,
382 1907 418 1966 ut
448 1903 609 1985 perspicue
632 1925 699 1966 rem
722 1902 899 1986 legentibus
928 1905 1001 1964 ante
1024 1899 1129 1963 oculos
1152 1901 1249 1980 ponat
1272 1918 1373 1980 neque

200 2010 372 2093 quidquam
402 2011 433 2073 in
465 2011 568 2074 medio
598 2010 757 2094 relinquat
786 2009 836 2073 vel
857 2008 976 2092 judicio
1004 2006 1174 2089 legentium
1200 2006 1371 2086 permittat.

200 2118 349 2182 Sermone
378 2119 477 2181 utitur
500 2122 532 2182 et
555 2117 613 2194 eis,
646 2117 700 2200 qui
724 2116 849 2200 legunt,
883 2120 914 2180 et
936 2115 995 2178 sibi
1023 2115 1083 2198 ipsi
1107 2114 1203 2195 facili,
1251 2113 1370 2197 ltaque,

199 2247 279 2308 quae
301 2225 407 2301 sent't,
432 2225 625 2306 apertissime
649 2228 680 2288 et
704 2225 874 2288 clarissime
891 2225 1053 2326 hominpm
1070 2224 1183 2287 animis
1199 2245 1372 2306 proponere

200 2332 267 2395 vult
290 2337 322 2396 et
345 2333 436 2396 rebus
460 2331 622 2396 enucleate
647 2331 839 2413 explicandis
865 2332 963 2415 magis
987 2337 1106 2395 mentes
1129 2354 1224 2415 quam
1253 2332 1373 2394 animos

116 2465 119 2468 ·
199 2440 373 2522 legentium
404 2439 541 2503 excitare
573 2440 687 2503 studet.
735 2439 802 2516 Quo
835 2441 872 2503 fit
899 2440 1008 2517 etiam,
1040 2445 1076 2503 ut
1099 2462 1156 2522 pro
1179 2439 1372 2523 simplicibus

199 2549 301 2612 verbis
324 2548 490 2632 plerasque
513 2547 805 2612 circumlocutiones
828 2547 1000 2612 habeamus
1023 2570 1080 2630 per
1095 2537 1280 2621 ποιεῖσίίαι,
1306 2542 1372 2628 γίγ-

198 2655 317 2716 νεσθαι
351 2647 441 2732 περί;
477 2655 654 2718 ποιεῖσθαι
689 2645 787 2739 ὁρμήν
821 2690 858 2700 -
893 2645 1093 2738 ἀναχώρησιν
1126 2655 1298 2716 ποιεῖσθαι
1333 2690 1368 2697 -

198 2751 303 2843 μάχην
333 2763 508 2824 ποιεῖσθαι
542 2799 579 2808 -
609 2755 800 2842 παραίνεσιν
831 2761 1008 2824 ποιεῖσθαι
1033 2797 1071 2805 -
1097 2751 1264 2821 ἀνάπλουν
1296 2779 1372 2820 ποι-

199 2868 324 2946 εῖσθαι,
348 2868 448 2932 multa
472 2869 548 2945 alia3
573 2857 745 2951 γίγνεσθαι
768 2865 843 2952 περὶ
865 2857 1072 2953 παρασκευήν
1090 2875 1119 2946 5,
1140 2874 1191 2943 91,
1216 2875 1257 2932 5.Ἰ
1283 2867 1373 2931 Aliae

198 2976 501 3040 circumlocutiones:
535 2969 576 3037 τά
606 2968 688 3056 πρὸς
718 2968 778 3050 τοὶς
809 2968 988 3054 πολεμικάς
1011 2969 1118 3058 χρείας
1141 2997 1189 3038 res
1216 2975 1371 3050 militaris,

198 3087 291 3146 antea
314 3084 397 3147 nude
420 3075 462 3144 τά
484 3075 667 3162 πολεμικάς
689 3073 809 3163 άναμίξ
835 3078 1006 3166 γίγνεσθαι
1034 3105 1090 3167 pro
1114 3077 1304 3163 μίγνυσθαι.
1330 3119 1372 3126 -

288 3183 319 3252 oi
343 3183 376 3251 ἓν
400 3181 588 3273 πράγμασιν
611 3181 886 3275 ἀναστρεφόμενοι
908 3213 965 3274 pro
989 3185 1178 3275 στρατηγοί,·

287 3289 502 3383 διατετριφώς
526 3292 559 3359 ἓν
582 3290 756 3384 ἡγεμονικῇ
779 3292 965 3384 προστασία
989 3305 1018 3373 8,
1049 3308 1096 3373 17,
1118 3309 1158 3374 ·l;

292 3395 510 3484 πολισμάτιον
533 3392 567 3469 εὖ
591 3399 674 3487 πρὸς
698 3396 874 3492 ὀχυρότητα
898 3405 1195 3486 κατεσκευασμένον
1219 3411 1248 3482 2,
1271 3413 1319 3480 11,
1339 3413 1374 3480 6,·

289 3503 513 3590 αἰχμαλώτους
536 3506 653 3593 ἔλαβον
682 3523 707 3589 1,
733 3521 762 3590 3,
789 3522 806 3580 7
832 3537 888 3597 pro
913 3516 995 3578 nudo
1019 3508 1130 3594 aipein.

288 3612 404 3681 ἔπλεον
427 3610 625 3703 ἀντίπρωροι
648 3611 891 3703 prodeuntem
913 3628 1065 3699 1‚23,3‚·
1088 3611 1372 3708 άντιποιήσασδαι

197 3726 261 3788 τῶν
278 3721 311 3788 ἐν
326 3728 399 3801 ταῖς
415 3728 582 3802 ναυτικαῖς
598 3720 770 3807 δυνάμεσιν
785 3722 927 3789 ἐλπίδων
947 3737 974 3802 l,
995 3735 1045 3804 59,
1063 3735 1100 3803 2,-
1124 3734 1155 3792 et
1176 3752 1268 3812 saepe
1284 3731 1370 3794 alias.

285 3838 527 3927 μισθοφορικαὶ
550 3835 701 3922 δυνάμεις
724 3867 781 3927 pro
804 3834 1018 3928 μισθοφόροι.
1043 3835 1234 3929 πεντηρικόν
1258 3844 1373 3908 πλοῖον

197 3972 255 4032 pro
279 3940 447 4036 πεντήρης.
496 3949 556 4015 Sed
589 3972 652 4014 non
676 3951 875 4015 infitiandum
904 3957 950 4014 est
973 3951 1141 4016 nonnullas
1165 3952 1371 4017 circumlocu-

197 4058 298 4121 tiones
322 4057 504 4121 variationis
528 4080 622 4122 oausa
646 4058 762 4141 positas
787 4080 859 4122 esse.

285 4171 494 4237 Inveniuntur
518 4176 611 4239 etiam
636 4175 695 4238 hae
719 4175 1026 4239 circumlocutiones:
1056 4167 1139 4237 κατά
1163 4167 1224 4251 τάς
1248 4172 1283 4238 ἐκ
1307 4175 1372 4238 τιῖν

197 4273 343 4360 πλαγίων
367 4273 561 4365 ἐπιφανείας
586 4289 615 4360 3,
642 4289 693 4360 74,
720 4289 755 4366 2,
780 4282 833 4345 ubi
856 4281 931 4346 satis
956 4288 1034 4346 esset
1058 4277 1097 4344 ἐκ
1122 4278 1304 4365 πλαγίων.
