3176 4878
670 269 888 332 -45-

186 466 266 532 solet
296 465 447 550 lapionem
471 464 659 531 Romanam.
707 464 826 544 Castra,
851 487 931 548 quae
954 455 1175 547 submonebar
1202 465 1288 549 prius
1312 466 1365 528 de·

188 578 288 651 notat,
313 574 500 657 exprimitur
523 572 606 654 apud
630 577 772 637 nostrum
796 594 851 655 per
874 567 1121 655 στρατοπεδεία,
1145 563 1255 656 χόραξ,
1281 556 1383 652 παρ-Χ

189 671 321 768 εμβολή.
337 718 377 726 --
395 675 552 754 Κίνδυνος
576 685 623 744 est
645 680 803 744 veteribus
826 684 858 744 et
880 702 1109 764 nonnunquam
1125 680 1258 764 Polybio
1277 682 1366 759 peri-

188 790 304 854 culam.
324 861 329 872 ¹
352 787 413 854 Sed
449 788 634 870 plerumque
669 791 759 850 notat
793 787 877 870 apud
912 809 984 850 eum
1012 807 1165 868 paporum,
1198 787 1364 867 proelium.
1402 821 1405 828 =

188 894 396 960 substituitur
419 918 476 978 pro
497 895 641 974 periculo
664 883 787 978 φόβος
811 893 870 957 vel
894 883 1031 956 δεινόν.

276 1010 409 1076 Accedit
432 1017 549 1092 quarta
573 1030 668 1074 caasa
691 1010 884 1074 variationis
913 1009 1148 1073 vocabulorum.
1197 1009 1366 1092 Polybium

188 1120 271 1182 euim
295 1140 360 1201 qua
381 1122 428 1181 est
449 1117 552 1181 studio
576 1117 672 1200 longa
694 1121 726 1178 et
749 1115 814 1178 lata
838 1115 991 1179 voeabula
1015 1116 1186 1198 usurpandi
1210 1115 1365 1198 simplicia

188 1230 220 1289 et
250 1225 411 1308 primitiva
440 1226 536 1288 verba
559 1223 733 1307 neglexisse
756 1223 905 1286 videmus.
954 1222 1093 1298 Quorum
1119 1223 1151 1286 in
1176 1223 1279 1288 looum
1304 1223 1365 1285 alia

188 1332 333 1394 substitui
358 1331 506 1413 oportuit,
531 1352 632 1412 neque
656 1352 727 1392 raro
744 1329 897 1412 ampliora
914 1333 946 1392 et
963 1329 1104 1411 pleniora
1120 1327 1363 1392 adhibebantur.

189 1439 275 1514 Quae
297 1443 471 1529 sequuntur
490 1459 591 1502 voees
624 1441 679 1500 aut
710 1459 836 1519 prorsus
868 1436 980 1500 desunt
1010 1438 1093 1519 apud
1116 1435 1184 1500 Pol.
1219 1443 1274 1500 aut
1302 1458 1365 1501 non

188 1570 280 1630 saepe
295 1547 517 1611 inveniuntur:
543 1536 680 1626 στρατός
699 1580 739 1588 -
760 1534 876 1617 στόλος
891 1543 1018 1608 notione
1038 1544 1192 1608 exereitus
1209 1581 1249 1588 -
1267 1532 1364 1616 όκων,

189 1645 348 1730 οἷκόντιον,
373 1643 508 1728 παλτόν,
533 1641 648 1726 ξυστόν
665 1649 841 1732 (substituit
855 1651 989 1733 scriptor
1004 1641 1196 1729 οἷκόντισμα,
1214 1640 1364 1732 γρόσφος,

188 1752 296 1836 όσσός,
329 1761 458 1843 γαῖσος)
483 1797 523 1804 -
547 1750 643 1840 κόρυς
675 1760 785 1834 (subet.
818 1753 1069 1843 aspernantium,
1102 1747 1364 1842 περικεφόλαιον,

188 1857 314 1952 κράνος,
343 1861 468 1947 λυκεία)
493 1903 534 1911 -
559 1863 678 1948 γέρρον,
704 1863 807 1948 πέλτη
830 1889 887 1947 pro
911 1866 1023 1948 clipeo,
1047 1870 1144 1942 scuta,
1174 1887 1365 1949 quamquam

190 1975 341 2039 habemus
364 1967 555 2046 insinuabat,
579 1963 806 2047 πελταστικός,
832 1963 1031 2057 πελτοφόροι
1055 1965 1181 2046 ἱππεῖς.

278 2089 443 2176 γυμνῆτες,
469 2082 615 2173 ὁπλίτης,
640 2081 681 2150 τό
706 2080 793 2150 όπλο
818 2091 944 2153 notione
967 2080 1117 2167 δπλῖται,·
1140 2080 1311 2150 ὁπλιτικόν
1325 2127 1365 2133 -

278 2186 433 2282 ἐπαγωγή
465 2197 593 2260 notione
624 2200 832 2274 commeatuS,
865 2201 900 2259 ut
927 2196 1010 2278 apud
1034 2195 1134 2259 Thus.
1158 2218 1259 2280 saepe,
1284 2198 1366 2280 apud

173 2305 336 2369 'nostrum
358 2326 519 2387 nunquam
545 2303 731 2366 invenimus.

287 2400 405 2494 κομιδή
430 2413 631 2474 commeatus.
657 2445 699 2455 -

277 2507 492 2602 φυλακτήριον
515 2517 598 2599 quod
623 2516 730 2582 vocab.
756 2520 849 2580 antea
872 2539 964 2600 saepe
988 2539 1044 2599 pro
1064 2518 1241 2598 praesidio,
1277 2519 1362 2601 apud

188 2631 331 2690 nostrum
354 2625 449 2688 semel
472 2625 579 2688 inveni
603 2625 634 2701 8,
662 2625 711 2700 17,
738 2626 768 2688 5.
795 2661 835 2668 -

278 2721 555 2814 σωματοφύλακες
578 2735 610 2795 et
633 2722 804 2814 δορυφόροι
829 2753 886 2813 pro
901 2727 1089 2795 'custodibus
1112 2732 1259 2814 eorporis,

277 2840 383 2924 τηρεῖν
422 2839 586 2922 custodire,
627 2838 709 2901 tueri
747 2838 846 2901 multo
884 2838 1005 2921 saepius
1044 2839 1126 2920 apud
1162 2836 1229 2902 Pul.
1270 2861 1367 2922 quam

190 2939 412 3033 φυλάττειν.
441 2982 480 2989 --

277 3044 437 3140 δπαγωγή
470 3055 552 3137 quod
584 3075 676 3136 saepe
707 3053 790 3136 apud
819 3054 992 3136 superiores
1016 3075 1072 3136 pro
1096 3053 1212 3130 reditu,
1248 3076 1367 3117 recessu

190 3161 296 3226 locum
319 3161 424 3239 habet,
451 3161 532 3243 apud
560 3160 624 3223 Pol.
650 3182 714 3224 non
738 3160 924 3224 invenimus

279 3257 480 3351 ἀναχώρησις
504 3267 604 3332 multo
627 3269 728 3331 rarius
751 3290 845 3351 quam
870 3256 1039 3342 ἀπόλυσις.

279 3365 377 3461 οίρετη
402 3380 433 3438 et
456 3364 587 3456 οίνδρεία
612 3410 652 3418 -
678 3364 786 3452 θυμός
809 3397 866 3458 pro
889 3375 1017 3438 notione
1041 3375 1139 3438 animi
1164 3374 1287 3452 „Musa

279 3477 389 3556 κακιά,
416 3474 518 3545 δειλία
543 3503 600 3564 pro
624 3481 762 3564 ignavia.

282 3579 418 3671 δρασός,
454 3578 560 3662 δειλός
591 3587 689 3651 multo
720 3588 820 3651 rarius
851 3589 933 3672 apud
969 3592 1109 3652 nostrum
1141 3610 1237 3671 quam
1261 3592 1365 3650 antea.

279 3687 404 3774 μισθός
427 3718 490 3758 uon
515 3717 608 3777 saepe
632 3695 777 3758 occurrit.

280 3797 470 3885 σιτηρέσιον,
481 3801 563 3884 quod
574 3799 654 3865 Xen.
667 3800 845 3882 saepissime
858 3800 995 3878 adhibet,
1005 3801 1086 3882 apud
1097 3799 1165 3865 Pol.
1178 3821 1240 3863 non
1255 3804 1366 3864 exstat.
1413 3783 1415 3790 Ι

280 3907 422 3991 Simplex
446 3901 560 3970 πεδίον
583 3907 674 3971 valde
697 3907 822 3971 recedit.

281 4005 435 4097 Ἀγείρειν
465 4038 527 4080 uon
562 4015 711 4092 occurrit,
743 4012 938 4096 συναγείρειν
968 4014 1064 4079 semel
1088 4017 1118 4093 2,
1146 4017 1195 4094 18,
1222 4019 1258 4091 λς
1294 4016 1366 4079 sub-

191 4123 332 4187 stituitur
357 4117 525 4204 συλλέγειν,
552 4113 733 4204 όδροίζειν;
759 4118 947 4202 καταλέγειν
971 4125 1002 4185 et
1026 4121 1105 4184 med.
1123 4118 1366 4202 καταλέγεσθαι

193 4230 274 4294 aedit
299 4229 451 4293 vocabulo
475 4224 645 4312 συλλέγειν.
