3176 4878
700 263 915 326 -15-

305 460 334 538 1,
359 460 412 538 82,
439 462 490 537 13,
523 460 699 526 invenimus
723 453 896 524 διακλείειν
924 452 984 535 τοῖς
1006 454 1157 546 χορηγίας
1182 467 1391 528 commeatum

156 664 158 668 Ι
215 567 433 648 intercludere,
456 561 590 653 χορηγία
613 567 673 632 hac
688 567 816 631 notione
836 568 927 650 prim.
950 569 1032 651 opud
1051 568 1180 634 Aristot.
1197 569 1259 652 pol.
1278 572 1308 650 4,
1335 571 1390 648 1ος

216 677 245 752 7,
269 676 299 738 4.
324 675 427 740 forma
448 665 596 762 χορήγιον
619 680 651 741 et
672 668 713 736 aci
736 668 870 761 χορήγια
893 675 985 758 prim.
1013 677 1096 758 apud
1119 675 1187 740 Pol.
1215 678 1389 756 1,17,15;

217 782 246 858 1,
273 782 323 859 18,
349 783 379 846 5.

300 879 531 967 Ἐπισιτισμοῦ
554 877 654 973 χάριν,
683 890 860 954 assumendi
890 895 1080 955 commeatus
1109 913 1202 956 causa
1231 893 1260 970 2,
1294 893 1325 970 5,
1354 894 1389 967 33

215 995 273 1060 hoc
296 1018 360 1060 uno
383 997 463 1074 loco,
488 997 569 1078 apud
594 995 673 1060 Xen.
699 998 837 1080 primum
861 1002 892 1060 et
914 998 1047 1080 saepius.

302 1108 507 1201 Παρᾶθεσις,
532 1121 720 1186 vocabulum
743 1123 912 1204 posterius3
937 1145 984 1206 pr.
1010 1123 1092 1206 apud
1109 1126 1249 1187 nostrum
1269 1123 1391 1187 accedit

214 1225 280 1290 fere
303 1227 342 1290 ad
365 1226 525 1290 notionem
551 1229 659 1303 victas,
685 1229 893 1294 cibariorum:
925 1223 972 1304 είς
995 1221 1071 1303 τούς
1095 1223 1196 1304 ίδίοος
1219 1223 1310 1309 βίους
1333 1225 1392 1291 καί

214 1327 273 1408 τοὶς
307 1327 354 1408 εἷς
386 1326 427 1394 τοί
460 1324 667 1415 στρατόπεδα
698 1333 905 1416 παραθέσεις
929 1338 959 1414 2,
986 1337 1036 1414 15,
1061 1339 1096 1414 3;
1133 1329 1390 1398 ἒκὸαπανᾶσθαι

215 1461 274 1516 τας
296 1438 503 1523 παραθέσεις
526 1437 582 1504 καί
605 1435 681 1517 τούς
705 1433 891 1526 θησαυρούς
915 1444 967 1520 26,
994 1444 1023 1520 7,
1050 1444 1080 1506 7.

300 1557 473 1650 Ἐποίρκεια
496 1589 553 1650 pro
577 1572 753 1632 commeatu
776 1568 869 1650 prim.
886 1568 968 1652 apud
985 1567 1052 1631 Pol.
1070 1558 1234 1652 οίπέφαινε
1250 1565 1389 1632 διακλει-

99 1685 102 1711 ¹
215 1665 421 1759 σθησὸμενον
444 1665 500 1735 τὸν
524 1664 670 1736 Μόλωνα
693 1673 751 1756 τῆς
776 1669 812 1749 ἐξ
834 1669 964 1738 ἐκείνων
991 1673 1056 1735 τῶν
1078 1665 1191 1735 τόπων
1216 1669 1393 1758 ε’παρκείας

216 1789 244 1856 5,
272 1788 324 1854 51,
351 1783 401 1846 10.
431 1772 451 1866 ἡ
480 1779 545 1841 τῶν
571 1775 726 1866 χορηγίαν
759 1770 917 1864 ε’πιίρκεια
942 1789 971 1860 9,
996 1788 1025 1858 4,
1053 1787 1086 1856 5;
1113 1788 1142 1855 5,
1170 1789 1241 1861 111,
1268 1790 1304 1858 4,·
1331 1785 1391 1848 hac

213 1887 491 1953 circumlocutione
513 1888 637 1952 videtur
660 1889 808 1966 evenisse,
832 1893 867 1952 ut
890 1889 1020 1952 fortasse
1044 1893 1137 1953 antea
1160 1893 1191 1952 et
1215 1913 1233 1952 a
1257 1889 1390 1974 Polybio

214 2000 247 2060 et
268 2001 378 2078 postea
400 1997 482 2060 nude
506 1987 665 2078 ἑποίρκεια
688 2018 745 2078 pro
769 2001 945 2062 commeatu
968 2001 1181 2079 usurparetur.

305 2120 421 2202 Inopia
445 2126 635 2212 commeatus
657 2121 703 2184 est
727 2120 882 2184 veteribus
906 2113 1060 2192 σιτοδεία,
1085 2121 1168 2204 quod
1192 2121 1288 2184 etiam
1309 2123 1389 2205 apud

213 2232 357 2292 nostrum
382 2229 434 2305 21,
459 2229 489 2304 6,
514 2229 549 2302 2;
578 2231 703 2310 praeter
731 2227 790 2291 hoc
814 2227 1001 2291 vocabulum
1026 2227 1121 2291 habet
1144 2226 1212 2290 Pol.
1237 2217 1391 2313 α’χορνγγία

216 2338 246 2412 5,
273 2336 326 2412 28,
351 2336 386 2411 4;
411 2324 608 2418 οἷχορηγνγοία
632 2335 684 2411 28,
709 2335 739 2412 8,
766 2335 795 2398 6.

273 2507 278 2517 .
304 2457 384 2534 Quid
416 2458 572 2538 pabulum
603 2457 769 2540 significet,
802 2457 966 2539 paululum
1000 2463 1152 2522 annotare
1185 2459 1263 2522 mihi
1287 2459 1390 2523 liceat.

213 2567 332 2630 Herod.
357 2569 388 2630 et
403 2565 484 2630 Xen.
508 2565 661 2648 praebent
676 2554 798 2648 χόρτος,
823 2565 905 2648 quod
923 2588 989 2630 voc.
1008 2567 1103 2630 etiam
1120 2566 1230 2651 Polyb.
1248 2566 1390 2644 exhibet;

215 2673 351 2737 occurrit
383 2673 478 2737 etiam
507 2661 674 2754 χόρτασμα
699 2674 728 2751 9,
755 2675 785 2750 4,
818 2675 847 2737 3.
882 2667 1070 2755 χορτολογία
1102 2673 1244 2737 collectio
1272 2673 1390 2755 pabuli,

213 2781 305 2864 prim.
330 2781 413 2863 apud
436 2784 578 2844 nostrum
605 2781 654 2860 18,
681 2782 710 2859 5,
738 2782 773 2856 1;
799 2781 852 2858 22,
878 2781 930 2858 22,
958 2781 1010 2844 12.

306 2995 355 3058 De
378 2994 548 3074 vocabulis,
574 3017 654 3077 quae
677 2995 720 3058 acl
742 2995 910 3060 victorium
933 3001 963 3059 el
986 2995 1109 3060 cladem
1131 2994 1301 3077 pertinent.

304 3136 472 3200 Veteribus
495 3140 542 3200 est
564 3137 696 3200 victoria
718 3130 815 3221 νίκη.
853 3135 1004 3220 Polybius
1021 3137 1083 3200 alia
1098 3135 1251 3201 vocabula
1266 3142 1391 3219 praeter

215 3244 274 3308 hoe
298 3243 443 3308 achiba:
469 3237 588 3327 νίκημα
612 3243 703 3326 prim.
732 3245 761 3322 1,
786 3225 837 3317 ει,
865 3245 923 3319 ,ιο;
951 3245 1001 3321 ιο,
1029 3245 1139 3322 14,5;
1231 3311 1233 3316 ,

302 3341 507 3433 κατόρθωμα
530 3372 578 3414 res
604 3351 682 3414 bene
705 3354 802 3434 gesta,
827 3350 959 3414 victoria
986 3352 1013 3420 1,
1049 3352 1098 3428 19,
1131 3352 1187 3427 12;
1220 3352 1249 3430 2,
1275 3352 1327 3426 31,
1353 3353 1387 3428 8;

216 3459 246 3536 2,
271 3459 324 3534 42,
350 3459 384 3532 5;
410 3459 440 3534 3,
466 3457 495 3534 4,
523 3457 538 3519 1
566 3455 695 3539 (saepe).

298 3553 467 3646 Εὐτίχημα
483 3585 647 3640 successus
665 3562 796 3626 victoria
811 3564 838 3641 1,
852 3565 904 3641 37,
920 3565 955 3638 5;
973 3555 1015 3623 τοί
1027 3553 1232 3649 εὐτυχήματα
1247 3563 1274 3643 1,
1291 3566 1342 3643 12,
1354 3567 1387 3639 5;

213 3671 273 3736 hac
296 3671 424 3734 notione
447 3671 539 3752 prim.
565 3669 647 3752 apud
671 3668 751 3747 Pol,
776 3674 868 3733 antea
892 3669 1031 3735 fortuna.

302 3773 497 3861 Προτέριγμα
509 3798 674 3854 successus
687 3799 736 3840 res
749 3777 827 3841 bene
840 3782 938 3860 gesta,
955 3777 1088 3842 victoria
1102 3779 1131 3856 1,
1145 3779 1175 3854 9,
1190 3779 1224 3854 7,
1244 3779 1272 3856 1,
1286 3780 1339 3850 29,
1353 3781 1388 3857 4;

218 3887 246 3965 1,
272 3887 325 3964 40,
353 3887 411 3960 11;
439 3887 466 3961 1,
493 3884 544 3961 41,
574 3885 605 3961 1;
631 3886 660 3961 5,
688 3885 762 3962 107,
788 3886 822 3960 3;
847 3886 901 3963 40,
926 3887 978 3962 50,
1006 3885 1056 3948 10.
1080 3907 1182 3967 saepe.

303 4013 333 4089 3,
360 4012 411 4089 72,
435 4012 456 4098 12
480 4009 647 4074 habemus:
672 3999 886 4090 ἐπαιρόμενος
908 4008 954 4094 τῷ
977 4000 1121 4091 γεγονότι
1144 4008 1184 4096 τῇ
1211 4003 1389 4095 προτεραίᾳ

215 4112 290 4199 περὶ
312 4110 388 4194 τοίς
413 4110 528 4192 ἱππεῖς
551 4105 813 4200 εὐημερήματι
835 4122 926 4201 parta
950 4117 1081 4181 victoris
1105 4119 1135 4192 3,
1162 4119 1213 4193 72,
1240 4119 1277 4192 23
1304 4103 1387 4182 idem

214 4227 372 4310 significat
396 4216 545 4309 εὐρμερία
571 4227 600 4302 7,
625 4226 654 4299 9,
685 4226 732 4290 10.
