3176 4878
735 360 953 427 „20..

344 546 566 646 εὐθαρσήςε
587 559 655 644 jam
672 562 755 643 apud
770 559 849 624 Xen.
866 561 1034 638 interdum,
1055 559 1242 624 vocabulum
1257 558 1424 644 poeticum.

343 667 507 732 Interdum
529 657 663 749 εὐγενῶς
691 667 841 731 occurrit:
872 657 1005 747 εὐγενῶς
1027 663 1215 730 ἀποθανεῖν
1239 674 1268 742 3,
1297 675 1369 745 111,
1394 675 1424 745 4,

234 777 337 859 ·quod
361 774 548 840 vocabulum
571 797 590 838 a
612 774 711 857 poetis
734 778 895 857 sumptum
919 778 1025 857 postea
1048 774 1081 836 in
1105 796 1227 856 prosam
1251 773 1425 838 orationem

254 881 453 946 transfertur.

342 978 497 1068 εὐτολμος
521 989 603 1072 apud
627 993 747 1053 veheres
770 993 876 1070 poetas
900 989 1026 1052 et‘inde
1050 1011 1068 1052 a
1091 988 1170 1053 Xen.

343 1085 502 1179 εὐρωστος
525 1095 656 1173 validus
680 1095 785 1170 fortis;
811 1086 841 1155 οῖ
857 1084 1090 1176 εὐρωστότατοι
1114 1088 1229 1171 ῖττττεῖς
1252 1091 1307 1157 καὶ
1331 1089 1428 1171 πεζοί

257 1211 286 1281 5,
312 1211 364 1281 46,
391 1205 449 1278 11;
475 1191 642 1283 εὐρώστως
665 1201 789 1265 fortiter
813 1203 843 1274 2,
868 1203 920 1279 34,
948 1203 1002 1276 14;
1029 1204 1058 1272 5,
1085 1203 1136 1280 60,
1162 1203 1196 1279 8;
1230 1202 1426 1283 potissimum

254 1311 385 1374 verbum
408 1309 673 1392 Xenophonteum
698 1308 825 1372 notione
848 1309 985 1386 οαῖῖοῖαε,
1007 1310 1131 1388 firmus,
1156 1329 1264 1372 sonna

344 1407 473 1499 Θρασύς
497 1416 580 1499 apud
603 1420 722 1480 veteres
745 1415 989 1488 usitatissimum¹
1006 1417 1038 1478 in
1055 1415 1188 1496 Polybio
1205 1415 1427 1480 adverbialiter

253 1529 379 1589 tantum
406 1523 556 1588 occurrit:
589 1519 741 1604 θρασέως
769 1520 960 1584 διακεῖσθαι
994 1529 1021 1598 1,
1047 1527 1076 1594 9,
1103 1525 1139 1596 7;
1171 1518 1324 1602 θρασέως
1354 1521 1425 1584 δια-

255 1621 422 1712 μάχεσθαι
447 1637 476 1709 2,
503 1636 553 1706 34,
583 1636 632 1696 12.

343 1728 460 1814 Δειλός
491 1761 548 1822 pro
579 1740 715 1821 ipuovus
738 1739 843 1802 amisit
866 1737 988 1821 Polyb.,
1012 1738 1130 1822 recepit
1152 1727 1316 1821 ἶν’νανδρος,
1342 1742 1426 1822 quod

255 1847 350 1911 etiam
381 1847 464 1930 apud
496 1850 614 1910 veteres
641 1844 789 1928 legimus,
826 1848 857 1907 et
883 1835 1019 1929 α’γενής
1050 1845 1098 1908 vel
1131 1835 1310 1931 α’γεννής,
1342 1847 1425 1928 quod

255 1954 441 2019 vocabulum
465 1953 536 2016 inde
560 1975 578 2016 a
597 1951 677 2015 Xen.
700 1951 878 2015 invenimus
901 1952 932 2014 in
958 1952 1091 2035 pedestri
1115 1953 1265 2016 oratione.
1303 1952 1427 2038 Κρῆτες

254 2050 394 2140 οἷγεννεῖς
425 2055 481 2120 καῖ
509 2049 644 2140 πλάγιοι
674 2059 746 2132 ταῖς
774 2059 895 2142 ψυχαῖς
921 2053 1029 2142 ignavi
1054 2062 1085 2122 et
1108 2059 1213 2123 animo
1238 2059 1427 2124 haesitantes

254 2164 321 2230 Pol.
346 2169 377 2260 4,
403 2168 432 2245 8,
460 2168 511 2230 11.

367 2309 414 2374 De
438 2309 608 2386 vocabulis,
634 2331 715 2393 quae
738 2309 918 2392 significant
941 2310 1070 2388 testera,
1094 2311 1324 2374 adversarium.

342 2443 448 2508 Hostis
472 2445 628 2508 veteribus
652 2444 836 2527 plerumque
860 2449 906 2508 est
923 2439 1088 2522 πολέμιος.
1126 2434 1322 2518 Ἀντῖτταλος
1343 2445 1426 2526 apud

253 2557 360 2633 poetas
390 2551 500 2614 erebro
530 2551 706 2616 invenimus
729 2553 856 2616 notione
880 2552 1058 2631 adversarii,
1087 2552 1194 2617 hostis,
1242 2551 1310 2616 Ηοο
1334 2573 1426 2615 voea-

254 2656 363 2719 bnlum
386 2657 521 2720 maxime
542 2657 642 2721 Thne.
667 2659 699 2720 in
724 2658 841 2721 deliciis
864 2660 962 2722 habet
985 2659 1112 2722 notione
1135 2659 1258 2722 viribus
1278 2680 1349 2738 por,
1375 2666 1426 2721 νε-

252 2764 414 2837 spondeas.
450 2762 518 2827 Pol.
542 2764 699 2828 interdum
716 2769 846 2847 usurpat
870 2768 900 2849 5,
918 2767 970 2842 35,
988 2767 1022 2840 9;
1051 2767 1101 2842 16,
1119 2767 1171 2843 28,
1189 2767 1223 2840 9;
1251 2766 1299 2843 18,
1321 2765 1373 2841 14,
1389 2765 1425 2838 3;

253 2872 306 2948 35,
331 2872 361 2948 2,
387 2871 416 2933 8.
741 2890 744 2896 ·

342 2970 372 3038 οῖ
397 2971 535 3039 ἐναντίοι
558 3001 615 3062 pro
634 2978 775 3043 hostibus
791 2979 873 3060 apud
890 2979 1008 3061 priores
1024 2978 1146 3060 saepius
1162 2978 1323 3055 habemus
1348 2977 1423 3040 item

253 3084 335 3167 apud
361 3083 438 3154 Pol..
471 3086 553 3167 apud
586 3108 678 3168 quem
712 3085 948 3148 usitatissimum
980 3084 1166 3148 vocabulum
1202 3087 1248 3145 est
1281 3105 1338 3165 pro
1365 3083 1425 3146 hac

252 3193 379 3256 notione
392 3184 636 3269 ὑπεναντῖοτ;
661 3192 771 3274 adjeot.
789 3183 979 3264 oneraretur
995 3192 1087 3274 prim.
1104 3191 1184 3273 apud
1204 3189 1295 3263 Plat,
1314 3191 1425 3254 deinde

252 3299 383 3362 Aristot.
408 3298 487 3362 Xen.
512 3335 555 3342 —
579 3297 683 3362 Subst.
717 3289 734 3358 ὁ
758 3291 948 3371 ὑπεναντίος
971 3297 1179 3374 adversarius,
1211 3297 1308 3360 hostis
1332 3297 1422 3378 prim.

253 3407 335 3489 apud
360 3405 440 3478 Xen.¹
465 3405 535 3489 Cyr.
564 3405 591 3480 1,
618 3405 647 3483 6,
673 3405 729 3480 38;
755 3408 786 3482 3,
811 3407 841 3483 3,
867 3405 919 3469 59.

340 3503 479 3595 Ἐχθρός
503 3512 607 3594 priore
631 3517 770 3594 tempore
786 3515 833 3575 est
848 3513 1006 3575 τ’νεῖνννῖσττε.
1043 3509 1238 3594 Quamquam
1256 3512 1323 3594 jam
1341 3510 1423 3592 apud

252 3621 399 3704 Aeschyl.
423 3620 522 3683 Thuo.
557 3620 633 3682 alios
657 3620 717 3683 looi
740 3619 959 3696 inveniuntur,
995 3618 1108 3700 quibus
1131 3617 1239 3681 vocab.
1268 3617 1427 3700 signifieat

251 3727 383 3806 hostem,
413 3728 463 3790 sed
494 3748 631 3810 perraro.
678 3724 780 3788 Multo
810 3727 932 3807 saepius
956 3725 1039 3806 apud
1069 3728 1225 3797 nostrum3
1250 3713 1369 3805 ἐχθρός
1393 3731 1425 3788 et

252 3829 409 3911 πολέμιος
426 3835 628 3916 conjunctum
655 3833 706 3910 15,
728 3831 831 3908 8,12;
857 3823 901 3906 αῖς
925 3825 1056 3912 ἐχθροῖς
1079 3821 1154 3914 ἡμῖν
1176 3826 1345 3914 κέχρηνται
1368 3826 1424 3890 καί

252 3934 432 4019 πολεμίοις,

429 4081 475 4144 De
498 4081 667 4159 vocabulis
691 4103 771 4164 quae
795 4081 833 4143 ad
857 4079 1072 4164 praedandum
1094 4083 1247 4162 spectant.

339 4213 462 4280 Praeda
492 4215 648 4278 veteribus
672 4219 718 4279 est
740 4208 827 4292 λεῖα,
861 4207 902 4274 τοὶ
935 4211 1053 4285 σκῦλα,
1086 4205 1126 4274 τοὶ
1150 4203 1287 4299 λοῖφορα.
1337 4213 1423 4278 Haeo

254 4323 348 4388 habet
371 4323 466 4386 etiam
491 4321 558 4383 Pol.
598 4320 703 4384 Novat
727 4323 783 4384 has
805 4321 991 4386 locutiones:
1016 4314 1046 4382 οῖ
1063 4311 1323 4400 Λακεδαιμόνιοι
1347 4315 1424 4382 ἐττε-
